,MappingNumber,EsteeID,Ticker, CurrTimeInMicroSeconds, BP1, BP2, BP3, AP1, AP2, AP3, BQ1, BQ2, BQ3, AQ1, AQ2, AQ3, LTP
0,129,BRAALRACNOR6BR00,AALR3,1622133244495169,11.78,11.77,11.76,11.79,11.8,11.81,400,700,2500,400,6300,200,11.77
1,129,BRAALRACNOR6BR00,AALR3,1622133244496488,11.78,11.77,11.76,11.79,11.8,11.81,400,700,2500,500,6300,200,11.77
2,129,BRAALRACNOR6BR00,AALR3,1622133258987207,11.76,11.75,11.74,11.79,11.8,11.81,500,600,1200,600,5800,200,11.76
3,129,BRAALRACNOR6BR00,AALR3,1622133258988577,11.76,11.75,11.74,11.78,11.79,11.8,400,1600,1200,100,1200,6400,11.76
4,129,BRAALRACNOR6BR00,AALR3,1622133258989406,11.76,11.75,11.74,11.78,11.79,11.8,400,1600,800,500,1200,6400,11.76
5,129,BRAALRACNOR6BR00,AALR3,1622133258990708,11.76,11.75,11.74,11.77,11.78,11.79,800,1600,800,100,700,1300,11.76
6,129,BRAALRACNOR6BR00,AALR3,1622133259011970,11.76,11.75,11.74,11.77,11.78,11.79,800,1600,800,100,300,900,11.76
7,129,BRAALRACNOR6BR00,AALR3,1622133259013094,11.76,11.75,11.74,11.78,11.79,11.8,800,1600,800,400,600,6400,11.76
8,129,BRAALRACNOR6BR00,AALR3,1622133265897321,11.77,11.76,11.75,11.78,11.79,11.8,500,1200,1500,100,100,5800,11.76
9,129,BRAALRACNOR6BR00,AALR3,1622133265898681,11.77,11.76,11.75,11.79,11.8,11.81,800,1600,1500,200,6300,800,11.76
10,129,BRAALRACNOR6BR00,AALR3,1622133265899338,11.77,11.76,11.75,11.79,11.8,11.81,800,2100,1000,600,6300,800,11.76
11,129,BRAALRACNOR6BR00,AALR3,1622133265900492,11.77,11.76,11.75,11.78,11.79,11.8,900,2000,1000,100,500,6300,11.76
12,129,BRAALRACNOR6BR00,AALR3,1622133265904821,11.77,11.76,11.75,11.78,11.79,11.8,900,2000,600,100,100,6300,11.76
13,129,BRAALRACNOR6BR00,AALR3,1622133265906008,11.77,11.76,11.75,11.79,11.8,11.81,900,2000,600,200,6300,800,11.76
14,129,BRAALRACNOR6BR00,AALR3,1622133265906705,11.77,11.76,11.75,11.79,11.8,11.81,900,2000,600,600,6300,800,11.76
15,129,BRAALRACNOR6BR00,AALR3,1622133265907858,11.77,11.76,11.75,11.78,11.79,11.8,900,2000,600,100,500,6300,11.76
16,129,BRAALRACNOR6BR00,AALR3,1622133265924729,11.77,11.76,11.75,11.78,11.79,11.8,900,2000,600,100,100,6300,11.76
17,129,BRAALRACNOR6BR00,AALR3,1622133265925881,11.77,11.76,11.75,11.79,11.8,11.81,900,2000,600,200,6300,800,11.76
18,129,BRAALRACNOR6BR00,AALR3,1622133282098751,11.78,11.77,11.76,11.8,11.81,11.82,600,700,2000,6300,800,2500,11.79
19,129,BRAALRACNOR6BR00,AALR3,1622133282099453,11.78,11.77,11.76,11.8,11.81,11.82,600,1200,1500,6300,800,2500,11.79
20,129,BRAALRACNOR6BR00,AALR3,1622133282100673,11.78,11.77,11.76,11.79,11.8,11.81,600,1200,1500,100,5800,800,11.79
21,129,BRAALRACNOR6BR00,AALR3,1622133287224107,11.78,11.77,11.76,11.8,11.81,11.82,300,700,2000,6300,800,2500,11.79
22,129,BRAALRACNOR6BR00,AALR3,1622133287224569,11.78,11.77,11.76,11.8,11.81,11.82,300,700,2000,5800,800,2500,11.79
23,129,BRAALRACNOR6BR00,AALR3,1622133287225804,11.78,11.77,11.76,11.79,11.8,11.81,300,700,2000,100,5800,1300,11.79
24,129,BRAALRACNOR6BR00,AALR3,1622133293958946,11.78,11.77,11.76,11.8,11.81,11.82,400,700,2000,6300,800,2500,11.79
25,129,BRAALRACNOR6BR00,AALR3,1622133293959331,11.78,11.77,11.76,11.8,11.81,11.82,400,700,2000,5800,800,2500,11.79
26,129,BRAALRACNOR6BR00,AALR3,1622133293960639,11.78,11.77,11.76,11.79,11.8,11.81,400,700,2100,100,5800,700,11.79
27,129,BRAALRACNOR6BR00,AALR3,1622133295484957,11.77,11.76,11.75,11.79,11.8,11.81,700,2000,600,500,6300,200,11.78
28,129,BRAALRACNOR6BR00,AALR3,1622133295486267,11.77,11.76,11.75,11.78,11.79,11.8,500,2000,600,100,400,6300,11.78
29,129,BRAALRACNOR6BR00,AALR3,1622133295495789,11.77,11.76,11.75,11.78,11.8,11.81,400,2000,600,100,6300,800,11.78
30,129,BRAALRACNOR6BR00,AALR3,1622133295497056,11.77,11.76,11.75,11.79,11.8,11.81,400,1100,600,200,6300,800,11.78
31,129,BRAALRACNOR6BR00,AALR3,1622133295497827,11.77,11.76,11.75,11.79,11.8,11.81,400,1100,1100,600,6300,800,11.78
32,129,BRAALRACNOR6BR00,AALR3,1622133295499094,11.77,11.76,11.75,11.78,11.79,11.8,400,1000,1100,100,500,6300,11.78
33,129,BRAALRACNOR6BR00,AALR3,1622133295502308,11.77,11.76,11.75,11.78,11.79,11.8,700,1600,600,100,100,6300,11.78
34,129,BRAALRACNOR6BR00,AALR3,1622133295503525,11.77,11.76,11.75,11.79,11.8,11.81,700,1600,600,200,6300,800,11.78
35,129,BRAALRACNOR6BR00,AALR3,1622133295504231,11.77,11.76,11.75,11.79,11.8,11.81,700,1600,600,600,6300,800,11.78
36,129,BRAALRACNOR6BR00,AALR3,1622133295505479,11.77,11.76,11.75,11.78,11.79,11.8,500,1500,600,100,500,6300,11.78
37,129,BRAALRACNOR6BR00,AALR3,1622133295537735,11.77,11.76,11.75,11.78,11.79,11.8,400,1600,600,100,100,6300,11.78
38,129,BRAALRACNOR6BR00,AALR3,1622133295539088,11.77,11.76,11.75,11.79,11.8,11.81,400,1600,600,200,6300,800,11.78
39,129,BRAALRACNOR6BR00,AALR3,1622133295539710,11.77,11.76,11.75,11.79,11.8,11.81,400,1600,600,600,6300,800,11.78
40,129,BRAALRACNOR6BR00,AALR3,1622133295541061,11.77,11.76,11.75,11.78,11.79,11.8,400,1500,600,100,500,6300,11.78
41,129,BRAALRACNOR6BR00,AALR3,1622133295593784,11.77,11.76,11.75,11.78,11.79,11.8,400,1600,600,100,100,6300,11.78
42,129,BRAALRACNOR6BR00,AALR3,1622133295594982,11.77,11.76,11.75,11.79,11.8,11.81,400,1600,600,200,6300,800,11.78
43,129,BRAALRACNOR6BR00,AALR3,1622133295595645,11.77,11.76,11.75,11.79,11.8,11.81,400,1600,600,600,6300,800,11.78
44,129,BRAALRACNOR6BR00,AALR3,1622133295596753,11.77,11.76,11.75,11.78,11.79,11.8,500,1500,600,100,500,6300,11.78
45,129,BRAALRACNOR6BR00,AALR3,1622133295603060,11.77,11.76,11.75,11.78,11.79,11.8,400,1600,600,100,100,6300,11.78
46,129,BRAALRACNOR6BR00,AALR3,1622133295604556,11.77,11.76,11.75,11.79,11.8,11.81,400,1600,600,200,6300,800,11.78
47,129,BRAALRACNOR6BR00,AALR3,1622133295604984,11.77,11.76,11.75,11.79,11.8,11.81,400,1600,600,600,6300,800,11.78
48,129,BRAALRACNOR6BR00,AALR3,1622133295606267,11.77,11.76,11.75,11.78,11.79,11.8,400,1500,600,100,500,6300,11.78
49,129,BRAALRACNOR6BR00,AALR3,1622133295612542,11.77,11.76,11.75,11.78,11.79,11.8,400,1600,600,100,100,6300,11.78
50,129,BRAALRACNOR6BR00,AALR3,1622133295613847,11.77,11.76,11.75,11.79,11.8,11.81,400,1600,600,200,6300,800,11.78
51,129,BRAALRACNOR6BR00,AALR3,1622133295614599,11.77,11.76,11.75,11.79,11.8,11.81,400,1600,600,600,6300,800,11.78
52,129,BRAALRACNOR6BR00,AALR3,1622133295615911,11.77,11.76,11.75,11.78,11.79,11.8,400,1500,600,100,500,6300,11.78
53,129,BRAALRACNOR6BR00,AALR3,1622133295670735,11.77,11.76,11.75,11.78,11.79,11.8,400,1600,600,100,100,6300,11.78
54,129,BRAALRACNOR6BR00,AALR3,1622133295672050,11.77,11.76,11.75,11.79,11.8,11.81,400,1600,600,200,6300,800,11.78
55,129,BRAALRACNOR6BR00,AALR3,1622133295672890,11.77,11.76,11.75,11.79,11.8,11.81,400,1600,600,600,6300,800,11.78
56,129,BRAALRACNOR6BR00,AALR3,1622133295674055,11.77,11.76,11.75,11.78,11.79,11.8,500,1500,600,100,500,6300,11.78
57,129,BRAALRACNOR6BR00,AALR3,1622133295683570,11.77,11.76,11.75,11.78,11.79,11.8,400,1600,600,100,100,6300,11.78
58,129,BRAALRACNOR6BR00,AALR3,1622133295684813,11.77,11.76,11.75,11.79,11.8,11.81,400,1600,600,200,6300,800,11.78
59,129,BRAALRACNOR6BR00,AALR3,1622133295685444,11.77,11.76,11.75,11.79,11.8,11.81,400,1600,600,600,6300,800,11.78
60,129,BRAALRACNOR6BR00,AALR3,1622133295686584,11.77,11.76,11.75,11.78,11.79,11.8,500,1500,600,100,500,6300,11.78
61,129,BRAALRACNOR6BR00,AALR3,1622133295691515,11.77,11.76,11.75,11.78,11.79,11.8,400,1600,600,100,100,6300,11.78
62,129,BRAALRACNOR6BR00,AALR3,1622133295692733,11.77,11.76,11.75,11.79,11.8,11.81,400,1600,600,200,6300,800,11.78
63,129,BRAALRACNOR6BR00,AALR3,1622133295693304,11.77,11.76,11.75,11.79,11.8,11.81,400,1600,600,600,6300,800,11.78
64,129,BRAALRACNOR6BR00,AALR3,1622133295694509,11.77,11.76,11.75,11.78,11.79,11.8,700,1500,600,100,500,6300,11.78
65,129,BRAALRACNOR6BR00,AALR3,1622133295704296,11.77,11.76,11.75,11.78,11.79,11.8,400,1600,600,100,100,6300,11.78
66,129,BRAALRACNOR6BR00,AALR3,1622133295705598,11.77,11.76,11.75,11.79,11.8,11.81,400,1600,600,200,6300,800,11.78
67,129,BRAALRACNOR6BR00,AALR3,1622133295706394,11.77,11.76,11.75,11.79,11.8,11.81,700,1600,600,600,6300,800,11.78
68,129,BRAALRACNOR6BR00,AALR3,1622133295707619,11.77,11.76,11.75,11.78,11.79,11.8,700,1600,600,100,500,6300,11.78
69,129,BRAALRACNOR6BR00,AALR3,1622133295718101,11.77,11.76,11.75,11.78,11.79,11.8,400,1600,600,100,100,6300,11.78
70,129,BRAALRACNOR6BR00,AALR3,1622133295719356,11.77,11.76,11.75,11.79,11.8,11.81,400,1600,600,200,6300,800,11.78
71,129,BRAALRACNOR6BR00,AALR3,1622133298077850,11.77,11.76,11.75,11.79,11.8,11.81,800,1500,600,600,6300,800,11.78
72,129,BRAALRACNOR6BR00,AALR3,1622133298079167,11.77,11.76,11.75,11.78,11.79,11.8,800,1500,600,100,500,6300,11.78
73,129,BRAALRACNOR6BR00,AALR3,1622133298081173,11.77,11.76,11.75,11.78,11.79,11.8,700,1600,600,100,100,6300,11.78
74,129,BRAALRACNOR6BR00,AALR3,1622133298082477,11.77,11.76,11.75,11.79,11.8,11.81,700,1600,600,200,6300,800,11.78
75,129,BRAALRACNOR6BR00,AALR3,1622133298084497,11.77,11.76,11.75,11.79,11.8,11.81,800,1500,600,600,6300,800,11.78
76,129,BRAALRACNOR6BR00,AALR3,1622133298085703,11.77,11.76,11.75,11.78,11.79,11.8,800,1500,600,100,500,6300,11.78
77,129,BRAALRACNOR6BR00,AALR3,1622133298098436,11.77,11.76,11.75,11.78,11.79,11.8,700,1600,600,100,100,6300,11.78
78,129,BRAALRACNOR6BR00,AALR3,1622133298099654,11.77,11.76,11.75,11.79,11.8,11.81,700,1600,600,200,6300,800,11.78
79,129,BRAALRACNOR6BR00,AALR3,1622133298105821,11.77,11.76,11.75,11.79,11.8,11.81,800,1500,600,600,6300,800,11.78
80,129,BRAALRACNOR6BR00,AALR3,1622133298107013,11.77,11.76,11.75,11.78,11.79,11.8,800,1500,600,100,500,6300,11.78
81,129,BRAALRACNOR6BR00,AALR3,1622133298109298,11.77,11.76,11.75,11.78,11.79,11.8,400,1500,600,100,100,6300,11.78
82,129,BRAALRACNOR6BR00,AALR3,1622133298110614,11.77,11.76,11.75,11.79,11.8,11.81,400,1600,600,200,6300,800,11.78
83,129,BRAALRACNOR6BR00,AALR3,1622133298112489,11.77,11.76,11.75,11.79,11.8,11.81,500,1500,600,600,6300,800,11.78
84,129,BRAALRACNOR6BR00,AALR3,1622133298113698,11.77,11.76,11.75,11.78,11.79,11.8,700,1500,600,100,500,6300,11.78
85,129,BRAALRACNOR6BR00,AALR3,1622133298118598,11.77,11.76,11.75,11.78,11.79,11.8,400,1600,600,100,100,6300,11.78
86,129,BRAALRACNOR6BR00,AALR3,1622133298120215,11.77,11.76,11.75,11.79,11.8,11.81,400,1600,600,200,6300,800,11.78
87,129,BRAALRACNOR6BR00,AALR3,1622133298120850,11.77,11.76,11.75,11.79,11.8,11.81,400,1600,600,600,6300,800,11.78
88,129,BRAALRACNOR6BR00,AALR3,1622133298122179,11.77,11.76,11.75,11.78,11.79,11.8,700,1500,600,100,500,6300,11.78
89,129,BRAALRACNOR6BR00,AALR3,1622133298126485,11.77,11.76,11.75,11.78,11.79,11.8,700,1600,600,100,100,6300,11.78
90,129,BRAALRACNOR6BR00,AALR3,1622133298127669,11.77,11.76,11.75,11.79,11.8,11.81,700,1600,600,200,6300,800,11.78
91,129,BRAALRACNOR6BR00,AALR3,1622133298128437,11.77,11.76,11.75,11.79,11.8,11.81,700,1600,600,600,6300,800,11.78
92,129,BRAALRACNOR6BR00,AALR3,1622133298129604,11.77,11.76,11.75,11.78,11.79,11.8,800,1500,600,100,500,6300,11.78
93,129,BRAALRACNOR6BR00,AALR3,1622133298134025,11.77,11.76,11.75,11.78,11.79,11.8,700,1600,600,100,100,6300,11.78
94,129,BRAALRACNOR6BR00,AALR3,1622133298135220,11.77,11.76,11.75,11.79,11.8,11.81,700,1600,600,200,6300,800,11.78
95,129,BRAALRACNOR6BR00,AALR3,1622133298136090,11.77,11.76,11.75,11.79,11.8,11.81,700,1600,600,600,6300,800,11.78
96,129,BRAALRACNOR6BR00,AALR3,1622133298137309,11.77,11.76,11.75,11.78,11.79,11.8,500,1500,600,100,500,6300,11.78
97,129,BRAALRACNOR6BR00,AALR3,1622133298148495,11.77,11.76,11.75,11.78,11.79,11.8,400,1600,600,100,100,6300,11.78
98,129,BRAALRACNOR6BR00,AALR3,1622133298149762,11.77,11.76,11.75,11.79,11.8,11.81,400,1600,600,200,6300,800,11.78
99,129,BRAALRACNOR6BR00,AALR3,1622133298150654,11.77,11.76,11.75,11.79,11.8,11.81,400,1600,600,600,6300,800,11.78
100,129,BRAALRACNOR6BR00,AALR3,1622133298151918,11.77,11.76,11.75,11.78,11.79,11.8,400,1500,600,100,500,6300,11.78
101,129,BRAALRACNOR6BR00,AALR3,1622133298156291,11.77,11.76,11.75,11.78,11.79,11.8,400,1600,600,100,100,6300,11.78
102,129,BRAALRACNOR6BR00,AALR3,1622133298157889,11.77,11.76,11.75,11.79,11.8,11.81,400,1600,600,200,6300,800,11.78
103,129,BRAALRACNOR6BR00,AALR3,1622133298158853,11.77,11.76,11.75,11.79,11.8,11.81,500,1500,600,600,6300,800,11.78
104,129,BRAALRACNOR6BR00,AALR3,1622133298160800,11.77,11.76,11.75,11.78,11.79,11.8,400,1500,600,100,500,6300,11.78
105,129,BRAALRACNOR6BR00,AALR3,1622133298164926,11.77,11.76,11.75,11.78,11.79,11.8,400,1600,600,100,100,6300,11.78
106,129,BRAALRACNOR6BR00,AALR3,1622133298166114,11.77,11.76,11.75,11.79,11.8,11.81,400,1600,600,200,6300,800,11.78
107,129,BRAALRACNOR6BR00,AALR3,1622133298166786,11.77,11.76,11.75,11.79,11.8,11.81,400,1600,600,600,6300,800,11.78
108,129,BRAALRACNOR6BR00,AALR3,1622133298168179,11.77,11.76,11.75,11.78,11.79,11.8,400,1500,600,100,500,6300,11.78
109,129,BRAALRACNOR6BR00,AALR3,1622133298190150,11.77,11.76,11.75,11.78,11.79,11.8,400,1600,600,100,100,6300,11.78
110,129,BRAALRACNOR6BR00,AALR3,1622133298191353,11.77,11.76,11.75,11.79,11.8,11.81,400,1600,600,200,6300,800,11.78
111,129,BRAALRACNOR6BR00,AALR3,1622133298191983,11.77,11.76,11.75,11.79,11.8,11.81,400,1600,600,600,6300,800,11.78
112,129,BRAALRACNOR6BR00,AALR3,1622133298193135,11.77,11.76,11.75,11.78,11.79,11.8,400,1600,600,100,500,6300,11.78
113,129,BRAALRACNOR6BR00,AALR3,1622133298201014,11.77,11.76,11.75,11.78,11.79,11.8,400,1600,600,100,100,6300,11.78
114,129,BRAALRACNOR6BR00,AALR3,1622133298202228,11.77,11.76,11.75,11.79,11.8,11.81,400,1600,600,200,6300,800,11.78
115,129,BRAALRACNOR6BR00,AALR3,1622133299806476,11.77,11.76,11.75,11.79,11.8,11.81,800,1500,600,600,6300,800,11.78
116,129,BRAALRACNOR6BR00,AALR3,1622133299807651,11.77,11.76,11.75,11.78,11.79,11.8,800,1500,600,100,500,6300,11.78
117,129,BRAALRACNOR6BR00,AALR3,1622133299810677,11.77,11.76,11.75,11.78,11.79,11.8,700,1600,600,100,100,6300,11.78
118,129,BRAALRACNOR6BR00,AALR3,1622133299811838,11.77,11.76,11.75,11.79,11.8,11.81,700,1600,600,200,6300,800,11.78
119,129,BRAALRACNOR6BR00,AALR3,1622133299831277,11.77,11.76,11.75,11.79,11.8,11.81,800,1500,600,600,6300,800,11.78
120,129,BRAALRACNOR6BR00,AALR3,1622133299832524,11.77,11.76,11.75,11.78,11.79,11.8,800,1500,600,100,500,6300,11.78
121,129,BRAALRACNOR6BR00,AALR3,1622133299857168,11.77,11.76,11.75,11.78,11.79,11.8,700,1600,600,100,100,6300,11.78
122,129,BRAALRACNOR6BR00,AALR3,1622133299858410,11.77,11.76,11.75,11.79,11.8,11.81,700,1600,600,200,6300,800,11.78
123,129,BRAALRACNOR6BR00,AALR3,1622133299876129,11.77,11.76,11.75,11.79,11.8,11.81,800,1500,600,600,6300,800,11.78
124,129,BRAALRACNOR6BR00,AALR3,1622133299877402,11.77,11.76,11.75,11.78,11.79,11.8,800,1500,600,100,500,6300,11.78
125,129,BRAALRACNOR6BR00,AALR3,1622133299881444,11.77,11.76,11.75,11.78,11.79,11.8,700,1600,600,100,100,6300,11.78
126,129,BRAALRACNOR6BR00,AALR3,1622133299882719,11.77,11.76,11.75,11.79,11.8,11.81,700,1600,600,200,6300,800,11.78
127,129,BRAALRACNOR6BR00,AALR3,1622133299885554,11.77,11.76,11.75,11.79,11.8,11.81,800,1500,600,600,6300,800,11.78
128,129,BRAALRACNOR6BR00,AALR3,1622133299886737,11.77,11.76,11.75,11.78,11.79,11.8,800,1500,600,100,500,6300,11.78
129,129,BRAALRACNOR6BR00,AALR3,1622133299901575,11.77,11.76,11.75,11.78,11.79,11.8,700,1600,600,100,100,6300,11.78
130,129,BRAALRACNOR6BR00,AALR3,1622133299902856,11.77,11.76,11.75,11.79,11.8,11.81,700,1600,600,200,6300,800,11.78
131,129,BRAALRACNOR6BR00,AALR3,1622133299910462,11.77,11.76,11.75,11.79,11.8,11.81,800,1500,600,600,6300,800,11.78
132,129,BRAALRACNOR6BR00,AALR3,1622133299911600,11.77,11.76,11.75,11.78,11.79,11.8,800,1500,600,100,500,6300,11.78
133,129,BRAALRACNOR6BR00,AALR3,1622133299917556,11.77,11.76,11.75,11.78,11.79,11.8,700,1600,600,100,100,6300,11.78
134,129,BRAALRACNOR6BR00,AALR3,1622133299918791,11.77,11.76,11.75,11.79,11.8,11.81,700,1600,600,200,6300,800,11.78
135,129,BRAALRACNOR6BR00,AALR3,1622133299924111,11.77,11.76,11.75,11.79,11.8,11.81,800,1500,600,600,6300,800,11.78
136,129,BRAALRACNOR6BR00,AALR3,1622133299925286,11.77,11.76,11.75,11.78,11.79,11.8,800,1500,600,100,500,6300,11.78
137,129,BRAALRACNOR6BR00,AALR3,1622133299950927,11.77,11.76,11.75,11.78,11.79,11.8,700,1600,600,100,100,6300,11.78
138,129,BRAALRACNOR6BR00,AALR3,1622133299952173,11.77,11.76,11.75,11.79,11.8,11.81,700,1600,600,200,6300,800,11.78
139,129,BRAALRACNOR6BR00,AALR3,1622133299955236,11.77,11.76,11.75,11.79,11.8,11.81,800,1500,600,600,6300,800,11.78
140,129,BRAALRACNOR6BR00,AALR3,1622133299956466,11.77,11.76,11.75,11.78,11.79,11.8,800,1500,600,100,500,6300,11.78
141,129,BRAALRACNOR6BR00,AALR3,1622133299980626,11.77,11.76,11.75,11.78,11.79,11.8,700,1600,600,100,100,6300,11.78
142,129,BRAALRACNOR6BR00,AALR3,1622133299982054,11.77,11.76,11.75,11.79,11.8,11.81,700,1600,600,200,6300,800,11.78
143,129,BRAALRACNOR6BR00,AALR3,1622133300014280,11.77,11.76,11.75,11.79,11.8,11.81,800,1500,600,600,6300,800,11.78
144,129,BRAALRACNOR6BR00,AALR3,1622133300016571,11.77,11.76,11.75,11.78,11.79,11.8,800,1500,600,100,500,6300,11.78
145,129,BRAALRACNOR6BR00,AALR3,1622133300021499,11.77,11.76,11.75,11.78,11.79,11.8,800,1500,600,100,100,6300,11.78
146,129,BRAALRACNOR6BR00,AALR3,1622133300022792,11.77,11.76,11.75,11.79,11.8,11.81,800,1500,600,200,6300,800,11.78
147,129,BRAALRACNOR6BR00,AALR3,1622133302800479,11.77,11.76,11.75,11.8,11.81,11.82,800,1500,600,5800,800,2500,11.79
148,129,BRAALRACNOR6BR00,AALR3,1622133302800531,11.77,11.76,11.75,11.8,11.81,11.82,800,1600,600,5800,800,2500,11.79
149,129,BRAALRACNOR6BR00,AALR3,1622133302801741,11.77,11.76,11.75,11.79,11.8,11.81,800,2000,600,700,5800,1300,11.79
150,129,BRAALRACNOR6BR00,AALR3,1622133302802575,11.77,11.76,11.75,11.79,11.8,11.81,800,2000,600,700,6300,800,11.79
151,129,BRAALRACNOR6BR00,AALR3,1622133302803730,11.77,11.76,11.75,11.78,11.79,11.8,800,2000,600,100,600,6300,11.79
152,129,BRAALRACNOR6BR00,AALR3,1622133309457795,11.77,11.76,11.75,11.79,11.8,11.81,300,1100,1100,600,6900,800,11.78
153,129,BRAALRACNOR6BR00,AALR3,1622133309458348,11.77,11.76,11.75,11.79,11.8,11.81,300,1600,600,600,6900,800,11.78
154,129,BRAALRACNOR6BR00,AALR3,1622133309459579,11.77,11.76,11.75,11.78,11.79,11.8,600,2000,600,100,600,6300,11.78
155,129,BRAALRACNOR6BR00,AALR3,1622133309459964,11.77,11.76,11.75,11.78,11.79,11.8,700,1900,600,100,200,6300,11.78
156,129,BRAALRACNOR6BR00,AALR3,1622133309461065,11.77,11.76,11.75,11.79,11.8,11.81,600,1900,600,300,6300,800,11.78
157,129,BRAALRACNOR6BR00,AALR3,1622133309461707,11.77,11.76,11.75,11.79,11.8,11.81,600,1900,600,700,6300,800,11.78
158,129,BRAALRACNOR6BR00,AALR3,1622133309462840,11.77,11.76,11.75,11.78,11.79,11.8,700,1900,600,100,600,6300,11.78
159,129,BRAALRACNOR6BR00,AALR3,1622133309486749,11.77,11.76,11.75,11.78,11.79,11.8,600,2000,600,100,200,6300,11.78
160,129,BRAALRACNOR6BR00,AALR3,1622133309488086,11.77,11.76,11.75,11.79,11.8,11.81,600,2000,600,300,6300,800,11.78
161,129,BRAALRACNOR6BR00,AALR3,1622133309488843,11.77,11.76,11.75,11.79,11.8,11.81,600,2000,600,700,6300,800,11.78
162,129,BRAALRACNOR6BR00,AALR3,1622133309490228,11.77,11.76,11.75,11.78,11.79,11.8,700,1900,600,100,600,6300,11.78
163,129,BRAALRACNOR6BR00,AALR3,1622133310819065,11.77,11.76,11.75,11.78,11.79,11.8,1000,1600,600,100,200,6900,11.78
164,129,BRAALRACNOR6BR00,AALR3,1622133310820353,11.77,11.76,11.75,11.79,11.8,11.81,1300,1600,600,300,6300,800,11.78
165,129,BRAALRACNOR6BR00,AALR3,1622133319539374,11.77,11.76,11.75,11.8,11.81,11.82,1500,1500,600,6300,800,2500,11.79
166,129,BRAALRACNOR6BR00,AALR3,1622133319539788,11.77,11.76,11.75,11.8,11.81,11.82,1500,1500,600,5800,800,2500,11.79
167,129,BRAALRACNOR6BR00,AALR3,1622133319540988,11.77,11.76,11.75,11.79,11.8,11.81,1500,1600,1000,100,5800,800,11.79
168,129,BRAALRACNOR6BR00,AALR3,1622133326113141,11.77,11.76,11.75,11.8,11.81,11.82,1500,1600,1000,5900,800,2500,11.79
169,129,BRAALRACNOR6BR00,AALR3,1622133326113737,11.77,11.76,11.75,11.8,11.81,11.82,1500,2000,1000,5900,800,2500,11.79
170,129,BRAALRACNOR6BR00,AALR3,1622133326114907,11.77,11.76,11.75,11.79,11.8,11.81,1500,2000,1000,100,5900,800,11.79
171,129,BRAALRACNOR6BR00,AALR3,1622133329900782,11.77,11.76,11.75,11.79,11.8,11.81,1200,1600,1000,500,6700,800,11.79
172,129,BRAALRACNOR6BR00,AALR3,1622133329902268,11.77,11.76,11.75,11.78,11.79,11.8,1200,1600,1000,100,400,6700,11.79
173,129,BRAALRACNOR6BR00,AALR3,1622133329904729,11.77,11.76,11.75,11.78,11.8,11.81,1200,1000,1100,100,6700,800,11.79
174,129,BRAALRACNOR6BR00,AALR3,1622133329906194,11.77,11.76,11.75,11.79,11.8,11.81,1200,1000,1100,200,6700,800,11.79
175,129,BRAALRACNOR6BR00,AALR3,1622133329907282,11.77,11.76,11.75,11.79,11.8,11.81,1500,1500,600,600,6100,800,11.79
176,129,BRAALRACNOR6BR00,AALR3,1622133329908217,11.77,11.76,11.75,11.79,11.8,11.81,1400,1500,600,400,6100,800,11.79
177,129,BRAALRACNOR6BR00,AALR3,1622133329932735,11.78,11.77,11.76,11.79,11.8,11.81,100,1400,1500,400,6100,800,11.79
178,129,BRAALRACNOR6BR00,AALR3,1622133329934072,11.78,11.77,11.76,11.79,11.8,11.81,100,1400,1500,500,6100,800,11.79
179,129,BRAALRACNOR6BR00,AALR3,1622133340509031,11.78,11.77,11.76,11.8,11.81,11.82,300,1500,1500,5900,800,2500,11.79
180,129,BRAALRACNOR6BR00,AALR3,1622133340509607,11.78,11.77,11.76,11.8,11.81,11.82,300,1500,1500,5800,800,2500,11.79
181,129,BRAALRACNOR6BR00,AALR3,1622133340510808,11.78,11.77,11.76,11.79,11.8,11.81,700,2000,1000,100,5800,200,11.79
182,129,BRAALRACNOR6BR00,AALR3,1622133342502851,11.77,11.76,11.75,11.78,11.79,11.8,1500,1500,1000,1100,100,5800,11.78
183,129,BRAALRACNOR6BR00,AALR3,1622133342504278,11.77,11.76,11.75,11.78,11.8,11.81,900,1000,600,1200,6300,800,11.78
184,129,BRAALRACNOR6BR00,AALR3,1622133348886803,11.77,11.76,11.75,11.8,11.81,11.82,800,1100,1100,6400,800,2500,11.78
185,129,BRAALRACNOR6BR00,AALR3,1622133348887043,11.77,11.76,11.75,11.8,11.81,11.82,800,1100,1100,6400,800,2500,11.78
186,129,BRAALRACNOR6BR00,AALR3,1622133348887543,11.77,11.76,11.75,11.8,11.81,11.82,800,1100,1100,5800,800,2500,11.78
187,129,BRAALRACNOR6BR00,AALR3,1622133348888729,11.77,11.76,11.75,11.79,11.8,11.81,1200,1500,1000,500,6300,800,11.78
188,129,BRAALRACNOR6BR00,AALR3,1622133348889300,11.77,11.76,11.75,11.79,11.8,11.81,1200,1500,1000,500,6300,800,11.78
189,129,BRAALRACNOR6BR00,AALR3,1622133348890574,11.77,11.76,11.75,11.78,11.79,11.8,1200,1500,1000,100,600,6300,11.78
190,129,BRAALRACNOR6BR00,AALR3,1622133348895063,11.77,11.76,11.75,11.78,11.79,11.8,1200,1500,1000,100,200,6300,11.78
191,129,BRAALRACNOR6BR00,AALR3,1622133348896195,11.77,11.76,11.75,11.79,11.8,11.81,1200,1500,1000,300,6300,800,11.78
192,129,BRAALRACNOR6BR00,AALR3,1622133352298159,11.78,11.77,11.76,11.79,11.8,11.81,100,1500,1500,100,6300,800,11.78
193,129,BRAALRACNOR6BR00,AALR3,1622133352298581,11.78,11.77,11.76,11.79,11.8,11.81,100,1500,1500,100,6300,800,11.82
194,129,BRAALRACNOR6BR00,AALR3,1622133352300148,11.78,11.77,11.76,11.79,11.83,11.84,1000,1500,1100,100,2900,5300,11.83
195,129,BRAALRACNOR6BR00,AALR3,1622133352300207,11.78,11.77,11.76,11.79,11.82,11.83,1000,1500,1100,100,400,2900,11.83
196,129,BRAALRACNOR6BR00,AALR3,1622133352300669,11.79,11.78,11.77,11.82,11.83,11.84,500,800,1400,400,2900,5300,11.79
197,129,BRAALRACNOR6BR00,AALR3,1622133352307314,11.79,11.78,11.77,11.82,11.83,11.84,500,1000,1400,400,2900,5300,11.79
198,129,BRAALRACNOR6BR00,AALR3,1622133352308486,11.79,11.78,11.77,11.81,11.82,11.83,1000,1400,1400,100,400,2900,11.79
199,129,BRAALRACNOR6BR00,AALR3,1622133352309391,11.79,11.78,11.77,11.81,11.83,11.84,1000,1400,1400,100,2500,5300,11.79
200,129,BRAALRACNOR6BR00,AALR3,1622133352310557,11.79,11.78,11.77,11.82,11.83,11.84,1000,1400,1400,200,2500,5300,11.79
201,129,BRAALRACNOR6BR00,AALR3,1622133352311296,11.79,11.78,11.77,11.82,11.83,11.84,1000,1400,1400,400,2500,5300,11.79
202,129,BRAALRACNOR6BR00,AALR3,1622133352312465,11.79,11.78,11.77,11.81,11.82,11.83,1000,1400,1400,100,600,2500,11.79
203,129,BRAALRACNOR6BR00,AALR3,1622133357421076,11.79,11.78,11.77,11.81,11.82,11.83,1000,2000,1400,1900,200,3100,11.79
204,129,BRAALRACNOR6BR00,AALR3,1622133357422309,11.79,11.78,11.77,11.8,11.81,11.82,1000,2000,1400,100,1800,200,11.79
205,129,BRAALRACNOR6BR00,AALR3,1622133357430145,11.79,11.78,11.77,11.81,11.82,11.83,1000,1900,1400,1800,200,3100,11.8
206,129,BRAALRACNOR6BR00,AALR3,1622133357431572,11.79,11.78,11.77,11.81,11.82,11.83,1000,1900,1400,1800,200,3100,11.8
207,129,BRAALRACNOR6BR00,AALR3,1622133357433572,11.79,11.78,11.77,11.8,11.81,11.82,1000,1900,1400,100,1800,200,11.8
208,129,BRAALRACNOR6BR00,AALR3,1622133357832687,11.78,11.77,11.76,11.8,11.81,11.82,1400,1400,1100,1400,1800,200,11.8
209,129,BRAALRACNOR6BR00,AALR3,1622133357833948,11.78,11.77,11.76,11.79,11.8,11.81,1500,1400,1100,100,1300,1800,11.8
210,129,BRAALRACNOR6BR00,AALR3,1622133358354421,11.78,11.77,11.76,11.8,11.81,11.82,700,2000,1100,1300,1800,800,11.79
211,129,BRAALRACNOR6BR00,AALR3,1622133358354924,11.78,11.77,11.76,11.8,11.81,11.82,700,2000,1500,1300,1800,800,11.79
212,129,BRAALRACNOR6BR00,AALR3,1622133358356157,11.78,11.77,11.76,11.79,11.8,11.81,1000,2000,1500,100,1300,1800,11.79
213,129,BRAALRACNOR6BR00,AALR3,1622133358548045,11.77,11.76,11.75,11.78,11.79,11.8,1400,1600,600,300,100,100,11.78
214,129,BRAALRACNOR6BR00,AALR3,1622133358549344,11.77,11.76,11.75,11.78,11.8,11.81,1400,1600,600,400,100,1800,11.78
215,129,BRAALRACNOR6BR00,AALR3,1622133367244735,11.77,11.76,11.75,11.78,11.8,11.81,1300,1600,600,300,100,2400,11.77
216,129,BRAALRACNOR6BR00,AALR3,1622133367246152,11.77,11.76,11.75,11.78,11.79,11.8,1000,1600,600,200,100,500,11.77
217,129,BRAALRACNOR6BR00,AALR3,1622133367246419,11.77,11.76,11.75,11.78,11.79,11.8,1000,1100,600,200,100,500,11.77
218,129,BRAALRACNOR6BR00,AALR3,1622133367247615,11.77,11.76,11.75,11.78,11.8,11.81,1000,1100,600,300,500,2400,11.77
219,129,BRAALRACNOR6BR00,AALR3,1622133369353322,11.77,11.76,11.75,11.8,11.81,11.82,1000,1100,1100,500,2400,800,11.78
220,129,BRAALRACNOR6BR00,AALR3,1622133369353596,11.77,11.76,11.75,11.8,11.81,11.82,1000,1100,1100,500,2400,800,11.78
221,129,BRAALRACNOR6BR00,AALR3,1622133369354240,11.77,11.76,11.75,11.8,11.81,11.82,1000,1600,600,500,2400,800,11.78
222,129,BRAALRACNOR6BR00,AALR3,1622133369355492,11.78,11.77,11.76,11.79,11.8,11.81,400,1800,1500,100,500,1800,11.78
223,129,BRAALRACNOR6BR00,AALR3,1622133369355828,11.78,11.77,11.76,11.79,11.81,11.82,400,1800,1500,100,1800,800,11.78
224,129,BRAALRACNOR6BR00,AALR3,1622133369357031,11.78,11.77,11.76,11.8,11.81,11.82,400,1800,1500,100,1800,1200,11.78
225,129,BRAALRACNOR6BR00,AALR3,1622133369358388,11.78,11.77,11.76,11.8,11.81,11.82,500,2200,1100,800,1800,1200,11.78
226,129,BRAALRACNOR6BR00,AALR3,1622133369359536,11.78,11.77,11.76,11.79,11.8,11.81,400,1800,1100,100,700,2300,11.78
227,129,BRAALRACNOR6BR00,AALR3,1622133383936006,11.78,11.77,11.76,11.79,11.8,11.81,1100,1700,1600,100,200,2000,11.78
228,129,BRAALRACNOR6BR00,AALR3,1622133383937355,11.78,11.77,11.76,11.8,11.81,11.82,1100,2200,1100,300,2000,800,11.78
229,129,BRAALRACNOR6BR00,AALR3,1622133391247523,11.78,11.77,11.76,11.81,11.82,11.83,1700,2100,1100,2300,800,5500,11.8
230,129,BRAALRACNOR6BR00,AALR3,1622133391248126,11.78,11.77,11.76,11.81,11.82,11.83,1700,2100,1100,2300,200,5500,11.8
231,129,BRAALRACNOR6BR00,AALR3,1622133391249368,11.79,11.78,11.77,11.8,11.81,11.82,400,2100,1600,100,1800,200,11.8
232,129,BRAALRACNOR6BR00,AALR3,1622133393276438,11.78,11.77,11.76,11.81,11.82,11.83,1900,2100,1100,2300,200,5500,11.8
233,129,BRAALRACNOR6BR00,AALR3,1622133393277052,11.78,11.77,11.76,11.81,11.82,11.83,1900,2100,1500,2300,200,5500,11.8
234,129,BRAALRACNOR6BR00,AALR3,1622133393278363,11.79,11.78,11.77,11.8,11.81,11.82,400,1500,2100,100,1800,200,11.8
235,129,BRAALRACNOR6BR00,AALR3,1622133399353813,11.78,11.77,11.76,11.8,11.81,11.82,300,2100,1100,200,2300,800,11.8
236,129,BRAALRACNOR6BR00,AALR3,1622133399355047,11.78,11.77,11.76,11.79,11.8,11.81,300,2100,1100,100,100,2300,11.8
237,129,BRAALRACNOR6BR00,AALR3,1622133400004650,11.78,11.77,11.76,11.81,11.82,11.83,200,1700,1600,2300,800,5500,11.79
238,129,BRAALRACNOR6BR00,AALR3,1622133400004870,11.78,11.77,11.76,11.81,11.82,11.83,200,1700,1600,2300,800,5500,11.79
239,129,BRAALRACNOR6BR00,AALR3,1622133400005623,11.78,11.77,11.76,11.81,11.82,11.83,600,1700,1600,2300,800,5500,11.79
240,129,BRAALRACNOR6BR00,AALR3,1622133400006873,11.78,11.77,11.76,11.8,11.81,11.82,1000,2500,1100,100,1800,200,11.79
241,129,BRAALRACNOR6BR00,AALR3,1622133406697978,11.78,11.77,11.76,11.81,11.82,11.83,1000,1500,1100,1900,800,5500,11.8
242,129,BRAALRACNOR6BR00,AALR3,1622133406698406,11.78,11.77,11.76,11.81,11.82,11.83,1000,1500,1100,1900,200,5500,11.8
243,129,BRAALRACNOR6BR00,AALR3,1622133406699751,11.79,11.78,11.77,11.8,11.81,11.82,400,600,1500,100,1800,200,11.8
244,129,BRAALRACNOR6BR00,AALR3,1622133414611895,11.79,11.78,11.77,11.81,11.82,11.83,800,800,1500,1800,700,5500,11.8
245,129,BRAALRACNOR6BR00,AALR3,1622133414612605,11.79,11.78,11.77,11.81,11.82,11.83,800,800,1500,1800,700,5500,11.8
246,129,BRAALRACNOR6BR00,AALR3,1622133414614062,11.79,11.78,11.77,11.8,11.81,11.82,1500,1300,1000,100,1800,700,11.8
247,129,BRAALRACNOR6BR00,AALR3,1622133422411608,11.78,11.77,11.76,11.79,11.8,11.81,5800,1500,1100,100,300,2300,11.79
248,129,BRAALRACNOR6BR00,AALR3,1622133422413049,11.78,11.77,11.76,11.79,11.8,11.81,5800,1500,1100,200,200,2300,11.79
249,129,BRAALRACNOR6BR00,AALR3,1622133429896853,11.78,11.77,11.76,11.8,11.81,11.82,5900,1600,1100,200,2300,800,11.79
250,129,BRAALRACNOR6BR00,AALR3,1622133429897173,11.78,11.77,11.76,11.8,11.81,11.82,5900,1600,1100,200,2300,800,11.79
251,129,BRAALRACNOR6BR00,AALR3,1622133429898388,11.78,11.77,11.76,11.8,11.81,11.82,5900,1500,1100,200,2300,800,11.79
252,129,BRAALRACNOR6BR00,AALR3,1622133429899567,11.78,11.77,11.76,11.8,11.81,11.82,6000,1500,1100,300,2300,800,11.79
253,129,BRAALRACNOR6BR00,AALR3,1622133436929751,11.79,11.78,11.77,11.81,11.82,11.83,1000,5500,1500,1800,1300,5500,11.8
254,129,BRAALRACNOR6BR00,AALR3,1622133436930285,11.79,11.78,11.77,11.81,11.82,11.83,1000,5500,1500,1800,700,5500,11.8
255,129,BRAALRACNOR6BR00,AALR3,1622133436931498,11.79,11.78,11.77,11.8,11.81,11.82,1000,6000,1000,100,1800,700,11.8
256,129,BRAALRACNOR6BR00,AALR3,1622133443812035,11.79,11.78,11.77,11.81,11.82,11.83,1000,5500,1000,1800,700,5500,11.8
257,129,BRAALRACNOR6BR00,AALR3,1622133443812741,11.79,11.78,11.77,11.81,11.82,11.83,1000,6000,1000,1800,700,5500,11.8
258,129,BRAALRACNOR6BR00,AALR3,1622133443813978,11.79,11.78,11.77,11.8,11.81,11.82,1000,6000,1000,100,1800,700,11.8
259,129,BRAALRACNOR6BR00,AALR3,1622133450908217,11.79,11.78,11.77,11.8,11.81,11.82,1000,4900,1100,2000,2300,800,11.8
260,129,BRAALRACNOR6BR00,AALR3,1622133450908939,11.79,11.78,11.77,11.8,11.81,11.82,1000,5500,1100,2000,2300,800,11.8
261,129,BRAALRACNOR6BR00,AALR3,1622133450910133,11.79,11.78,11.77,11.8,11.81,11.82,1000,5500,1100,2100,2300,800,11.8
262,129,BRAALRACNOR6BR00,AALR3,1622133460132115,11.79,11.78,11.77,11.81,11.82,11.83,1300,5500,700,1800,700,5500,11.8
263,129,BRAALRACNOR6BR00,AALR3,1622133460132830,11.79,11.78,11.77,11.81,11.82,11.83,1300,6000,600,1800,700,5500,11.8
264,129,BRAALRACNOR6BR00,AALR3,1622133460134182,11.8,11.79,11.78,11.81,11.82,11.83,300,2000,6000,1800,200,5500,11.8
265,129,BRAALRACNOR6BR00,AALR3,1622133460134349,11.8,11.79,11.78,11.81,11.82,11.83,300,2000,5900,1800,200,5500,11.8
266,129,BRAALRACNOR6BR00,AALR3,1622133460134356,11.8,11.79,11.78,11.81,11.82,11.83,300,2000,5900,1800,200,5500,11.8
267,129,BRAALRACNOR6BR00,AALR3,1622133460134459,11.8,11.79,11.78,11.81,11.82,11.83,300,2100,5900,1800,200,5500,11.8
268,129,BRAALRACNOR6BR00,AALR3,1622133460135594,11.8,11.79,11.78,11.81,11.82,11.83,300,2100,5900,1900,700,5500,11.8
269,129,BRAALRACNOR6BR00,AALR3,1622133460169418,11.79,11.78,11.77,11.81,11.82,11.83,1700,5900,600,1900,700,5500,11.8
270,129,BRAALRACNOR6BR00,AALR3,1622133460170831,11.79,11.78,11.77,11.8,11.81,11.82,1400,5900,600,100,1800,700,11.8
271,129,BRAALRACNOR6BR00,AALR3,1622133460693697,11.79,11.78,11.77,11.81,11.82,11.83,1300,5900,600,1800,700,5500,11.8
272,129,BRAALRACNOR6BR00,AALR3,1622133460694484,11.79,11.78,11.77,11.81,11.82,11.83,1700,5900,600,1800,700,5500,11.8
273,129,BRAALRACNOR6BR00,AALR3,1622133460695696,11.79,11.78,11.77,11.8,11.81,11.82,1700,5900,600,100,1800,700,11.8
274,129,BRAALRACNOR6BR00,AALR3,1622133491175793,11.79,11.78,11.77,11.81,11.82,11.83,400,3300,1100,2300,800,5500,11.8
275,129,BRAALRACNOR6BR00,AALR3,1622133491176362,11.79,11.78,11.77,11.81,11.82,11.83,400,3300,1100,2300,200,5500,11.8
276,129,BRAALRACNOR6BR00,AALR3,1622133491177544,11.79,11.78,11.77,11.8,11.81,11.82,400,3900,1100,100,1800,200,11.8
277,129,BRAALRACNOR6BR00,AALR3,1622133501073982,11.79,11.78,11.77,11.8,11.81,11.82,600,3900,1100,100,1800,700,11.8
278,129,BRAALRACNOR6BR00,AALR3,1622133504364032,11.79,11.78,11.77,11.8,11.81,11.82,600,3900,1100,200,1800,700,11.8
279,129,BRAALRACNOR6BR00,AALR3,1622133504365976,11.79,11.78,11.77,11.8,11.81,11.82,600,3900,1100,300,1800,700,11.8
280,129,BRAALRACNOR6BR00,AALR3,1622133526756543,11.79,11.78,11.77,11.81,11.82,11.83,400,3900,1100,1600,600,5500,11.81
281,129,BRAALRACNOR6BR00,AALR3,1622133526757419,11.79,11.78,11.77,11.81,11.82,11.83,800,3900,1100,1600,600,5500,11.81
282,129,BRAALRACNOR6BR00,AALR3,1622133526758629,11.79,11.78,11.77,11.8,11.81,11.82,1200,4300,600,100,1600,600,11.81
283,129,BRAALRACNOR6BR00,AALR3,1622133536950909,11.79,11.78,11.77,11.81,11.82,11.83,700,4400,600,2100,600,5500,11.8
284,129,BRAALRACNOR6BR00,AALR3,1622133536951638,11.79,11.78,11.77,11.81,11.82,11.83,1100,4400,600,2100,600,5500,11.8
285,129,BRAALRACNOR6BR00,AALR3,1622133536952818,11.79,11.78,11.77,11.8,11.81,11.82,1400,4400,600,100,2100,600,11.8
286,129,BRAALRACNOR6BR00,AALR3,1622133541863034,11.79,11.78,11.77,11.8,11.81,11.82,600,3900,1100,1500,1600,1200,11.8
287,129,BRAALRACNOR6BR00,AALR3,1622133541888428,11.79,11.78,11.77,11.8,11.81,11.82,700,3900,1100,1500,1600,1200,11.8
288,129,BRAALRACNOR6BR00,AALR3,1622133541889633,11.79,11.78,11.77,11.8,11.81,11.82,700,3900,1100,1600,1600,1200,11.8
289,129,BRAALRACNOR6BR00,AALR3,1622133556002237,11.78,11.77,11.76,11.8,11.81,11.82,5300,1100,800,4500,1600,1200,11.79
290,129,BRAALRACNOR6BR00,AALR3,1622133556003716,11.78,11.77,11.76,11.79,11.8,11.81,5300,1100,800,100,4400,2100,11.79
291,129,BRAALRACNOR6BR00,AALR3,1622133557677702,11.76,11.75,11.74,11.79,11.8,11.81,500,2600,2100,500,4900,2200,11.78
292,129,BRAALRACNOR6BR00,AALR3,1622133557679065,11.76,11.75,11.74,11.78,11.79,11.8,100,2600,2100,100,900,5000,11.78
293,129,BRAALRACNOR6BR00,AALR3,1622133557680016,11.75,11.74,11.73,11.78,11.79,11.8,1300,2100,1000,300,1200,5000,11.75
294,129,BRAALRACNOR6BR00,AALR3,1622133557681294,11.75,11.74,11.73,11.77,11.78,11.79,1700,2100,1000,100,1400,1000,11.75
295,129,BRAALRACNOR6BR00,AALR3,1622133557681734,11.75,11.74,11.73,11.77,11.78,11.79,1700,2200,1000,500,1400,1000,11.75
296,129,BRAALRACNOR6BR00,AALR3,1622133557682890,11.75,11.74,11.73,11.76,11.77,11.78,1700,2200,1000,100,400,1700,11.75
297,129,BRAALRACNOR6BR00,AALR3,1622133557684109,11.75,11.74,11.73,11.77,11.78,11.79,1700,2200,600,400,2200,1000,11.76
298,129,BRAALRACNOR6BR00,AALR3,1622133557684338,11.75,11.74,11.73,11.77,11.78,11.79,1700,2200,600,400,1800,1000,11.76
299,129,BRAALRACNOR6BR00,AALR3,1622133557685576,11.75,11.74,11.73,11.76,11.78,11.79,1700,2200,600,100,1800,1000,11.76
300,129,BRAALRACNOR6BR00,AALR3,1622133557885369,11.75,11.74,11.73,11.76,11.78,11.79,1300,2200,600,100,1800,1000,11.76
301,129,BRAALRACNOR6BR00,AALR3,1622133557886704,11.75,11.74,11.73,11.77,11.78,11.79,1300,2200,600,100,1800,1000,11.76
302,129,BRAALRACNOR6BR00,AALR3,1622133557887390,11.75,11.74,11.73,11.77,11.78,11.79,1700,2200,600,700,1800,1000,11.76
303,129,BRAALRACNOR6BR00,AALR3,1622133557888648,11.75,11.74,11.73,11.76,11.77,11.78,1800,2100,600,100,600,1800,11.76
304,129,BRAALRACNOR6BR00,AALR3,1622133557898728,11.75,11.74,11.73,11.76,11.77,11.78,1800,2100,600,100,200,1800,11.76
305,129,BRAALRACNOR6BR00,AALR3,1622133557899967,11.75,11.74,11.73,11.77,11.78,11.79,1800,2100,600,300,1800,1000,11.76
306,129,BRAALRACNOR6BR00,AALR3,1622133580453860,11.76,11.75,11.74,11.78,11.79,11.8,800,1200,2100,600,1500,5100,11.78
307,129,BRAALRACNOR6BR00,AALR3,1622133580454487,11.76,11.75,11.74,11.78,11.79,11.8,800,1200,2100,600,900,5100,11.78
308,129,BRAALRACNOR6BR00,AALR3,1622133580455762,11.76,11.75,11.74,11.77,11.78,11.79,1200,1100,2100,100,600,900,11.78
309,129,BRAALRACNOR6BR00,AALR3,1622133580457719,11.76,11.75,11.74,11.77,11.78,11.79,800,1100,2100,100,100,500,11.78
310,129,BRAALRACNOR6BR00,AALR3,1622133580458918,11.76,11.75,11.74,11.78,11.79,11.8,800,1100,2100,200,500,5100,11.78
311,129,BRAALRACNOR6BR00,AALR3,1622133584587196,11.77,11.76,11.75,11.78,11.8,11.81,100,1100,1100,100,5100,2200,11.78
312,129,BRAALRACNOR6BR00,AALR3,1622133584588684,11.77,11.76,11.75,11.79,11.8,11.81,700,1900,600,100,5600,2200,11.78
313,129,BRAALRACNOR6BR00,AALR3,1622133584592032,11.77,11.76,11.75,11.79,11.8,11.81,800,1800,600,800,5600,2200,11.78
314,129,BRAALRACNOR6BR00,AALR3,1622133584593437,11.77,11.76,11.75,11.78,11.79,11.8,700,1800,600,100,700,5600,11.78
315,129,BRAALRACNOR6BR00,AALR3,1622133594234027,11.77,11.76,11.75,11.79,11.8,11.81,200,1300,900,700,5600,2200,11.78
316,129,BRAALRACNOR6BR00,AALR3,1622133594234697,11.77,11.76,11.75,11.79,11.8,11.81,200,1700,900,700,5600,2200,11.78
317,129,BRAALRACNOR6BR00,AALR3,1622133594235933,11.77,11.76,11.75,11.78,11.79,11.8,600,2200,600,100,700,5600,11.78
318,129,BRAALRACNOR6BR00,AALR3,1622133605900311,11.77,11.76,11.75,11.79,11.8,11.81,1600,1800,600,700,6000,2200,11.78
319,129,BRAALRACNOR6BR00,AALR3,1622133605901379,11.77,11.76,11.75,11.79,11.8,11.81,1600,1700,600,700,6000,2200,11.78
320,129,BRAALRACNOR6BR00,AALR3,1622133605902546,11.77,11.76,11.75,11.78,11.79,11.8,1700,1700,600,100,700,6000,11.78
321,129,BRAALRACNOR6BR00,AALR3,1622133605912429,11.77,11.76,11.75,11.79,11.8,11.81,1300,1800,600,700,6000,2200,11.78
322,129,BRAALRACNOR6BR00,AALR3,1622133605912982,11.77,11.76,11.75,11.79,11.8,11.81,1300,1800,600,1100,6000,2200,11.78
323,129,BRAALRACNOR6BR00,AALR3,1622133605914180,11.77,11.76,11.75,11.78,11.79,11.8,1400,1700,600,100,1100,6000,11.78
324,129,BRAALRACNOR6BR00,AALR3,1622133605934706,11.77,11.76,11.75,11.78,11.79,11.8,1300,1800,600,100,200,6600,11.78
325,129,BRAALRACNOR6BR00,AALR3,1622133605935902,11.77,11.76,11.75,11.79,11.8,11.81,1300,1800,600,700,6600,2200,11.78
326,129,BRAALRACNOR6BR00,AALR3,1622133605936741,11.77,11.76,11.75,11.79,11.8,11.81,1400,1800,600,700,6600,2200,11.78
327,129,BRAALRACNOR6BR00,AALR3,1622133605937876,11.77,11.76,11.75,11.78,11.79,11.8,1400,1700,600,100,600,6600,11.78
328,129,BRAALRACNOR6BR00,AALR3,1622133609015807,11.77,11.76,11.75,11.79,11.8,11.81,1000,1300,600,1100,6600,2200,11.78
329,129,BRAALRACNOR6BR00,AALR3,1622133609016435,11.77,11.76,11.75,11.79,11.8,11.81,1000,1300,1100,1100,6600,2200,11.78
330,129,BRAALRACNOR6BR00,AALR3,1622133609017678,11.77,11.76,11.75,11.78,11.79,11.8,1000,1300,1100,100,1100,6600,11.78
331,129,BRAALRACNOR6BR00,AALR3,1622133614626627,11.77,11.76,11.75,11.79,11.8,11.81,1100,1300,1100,1000,6600,2200,11.79
332,129,BRAALRACNOR6BR00,AALR3,1622133614627343,11.77,11.76,11.75,11.79,11.8,11.81,1100,1800,600,1000,6600,2200,11.79
333,129,BRAALRACNOR6BR00,AALR3,1622133614628504,11.77,11.76,11.75,11.78,11.79,11.8,1100,1800,600,100,1000,6600,11.79
334,129,BRAALRACNOR6BR00,AALR3,1622133618671467,11.77,11.76,11.75,11.79,11.8,11.81,1100,1300,600,1000,6600,2200,11.78
335,129,BRAALRACNOR6BR00,AALR3,1622133618672111,11.77,11.76,11.75,11.79,11.8,11.81,1100,1800,600,1000,6600,2200,11.78
336,129,BRAALRACNOR6BR00,AALR3,1622133618673380,11.77,11.76,11.75,11.78,11.79,11.8,1100,1800,600,100,1000,6600,11.78
337,129,BRAALRACNOR6BR00,AALR3,1622133625075190,11.77,11.76,11.75,11.79,11.8,11.81,600,1300,900,1600,6600,2200,11.78
338,129,BRAALRACNOR6BR00,AALR3,1622133625075708,11.77,11.76,11.75,11.79,11.8,11.81,600,1300,900,1000,6600,2200,11.78
339,129,BRAALRACNOR6BR00,AALR3,1622133625076952,11.77,11.76,11.75,11.78,11.79,11.8,600,1300,900,100,1000,6600,11.78
340,129,BRAALRACNOR6BR00,AALR3,1622133630175612,11.77,11.76,11.75,11.79,11.8,11.81,700,1300,900,1000,6600,2200,11.78
341,129,BRAALRACNOR6BR00,AALR3,1622133630176327,11.77,11.76,11.75,11.79,11.8,11.81,700,1800,600,1000,6600,2200,11.78
342,129,BRAALRACNOR6BR00,AALR3,1622133630177483,11.77,11.76,11.75,11.78,11.79,11.8,700,1800,600,100,1000,6600,11.78
343,129,BRAALRACNOR6BR00,AALR3,1622133634606201,11.76,11.75,11.74,11.77,11.78,11.79,1300,2300,2100,200,100,600,11.77
344,129,BRAALRACNOR6BR00,AALR3,1622133634607626,11.76,11.75,11.74,11.77,11.79,11.8,1200,2300,2100,300,1100,6100,11.77
345,129,BRAALRACNOR6BR00,AALR3,1622133639057850,11.76,11.75,11.74,11.79,11.8,11.81,600,2400,2100,1700,6100,2200,11.77
346,129,BRAALRACNOR6BR00,AALR3,1622133639058109,11.76,11.75,11.74,11.79,11.8,11.81,600,2400,2100,1700,6100,2200,11.77
347,129,BRAALRACNOR6BR00,AALR3,1622133639058559,11.76,11.75,11.74,11.79,11.8,11.81,600,2400,2100,1200,6100,2200,11.77
348,129,BRAALRACNOR6BR00,AALR3,1622133639059798,11.76,11.75,11.74,11.78,11.79,11.8,1400,2300,2100,600,1500,6100,11.77
349,129,BRAALRACNOR6BR00,AALR3,1622133639060259,11.76,11.75,11.74,11.78,11.79,11.8,1400,2300,2100,600,1000,6100,11.77
350,129,BRAALRACNOR6BR00,AALR3,1622133639061388,11.76,11.75,11.74,11.77,11.78,11.79,1400,2300,2100,100,500,1000,11.77
351,129,BRAALRACNOR6BR00,AALR3,1622133639062740,11.76,11.75,11.74,11.77,11.78,11.79,1300,2300,2100,100,100,1000,11.77
352,129,BRAALRACNOR6BR00,AALR3,1622133639063984,11.76,11.75,11.74,11.78,11.79,11.8,1300,2400,2100,200,600,6100,11.77
353,129,BRAALRACNOR6BR00,AALR3,1622133652808482,11.77,11.76,11.75,11.79,11.8,11.81,1100,700,2300,600,6400,2200,11.78
354,129,BRAALRACNOR6BR00,AALR3,1622133652809277,11.77,11.76,11.75,11.79,11.8,11.81,1100,700,2300,600,5800,2200,11.78
355,129,BRAALRACNOR6BR00,AALR3,1622133652810428,11.77,11.76,11.75,11.78,11.79,11.8,1500,1100,2000,100,600,5800,11.78
356,129,BRAALRACNOR6BR00,AALR3,1622133653336606,11.77,11.76,11.75,11.79,11.8,11.81,1100,1200,2000,600,6400,2200,11.78
357,129,BRAALRACNOR6BR00,AALR3,1622133653337736,11.77,11.76,11.75,11.79,11.8,11.81,1100,1100,2000,600,6400,2200,11.78
358,129,BRAALRACNOR6BR00,AALR3,1622133653339119,11.77,11.76,11.75,11.78,11.79,11.8,1200,1100,2000,100,600,6400,11.78
359,129,BRAALRACNOR6BR00,AALR3,1622133653340094,11.77,11.76,11.75,11.78,11.79,11.8,1100,1100,2000,100,100,6400,11.78
360,129,BRAALRACNOR6BR00,AALR3,1622133653341246,11.77,11.76,11.75,11.79,11.8,11.81,1100,1200,2000,200,6400,2200,11.78
361,129,BRAALRACNOR6BR00,AALR3,1622133653341994,11.77,11.76,11.75,11.79,11.8,11.81,1100,1200,2000,600,6400,2200,11.78
362,129,BRAALRACNOR6BR00,AALR3,1622133653343193,11.77,11.76,11.75,11.78,11.79,11.8,1200,1100,2000,100,500,6400,11.78
363,129,BRAALRACNOR6BR00,AALR3,1622133653386808,11.77,11.76,11.75,11.78,11.79,11.8,1100,1200,2000,100,100,6400,11.78
364,129,BRAALRACNOR6BR00,AALR3,1622133653388052,11.77,11.76,11.75,11.79,11.8,11.81,1100,1200,2000,200,6400,2200,11.78
365,129,BRAALRACNOR6BR00,AALR3,1622133655520433,11.77,11.76,11.75,11.79,11.8,11.81,1000,1100,2000,500,6400,2200,11.77
366,129,BRAALRACNOR6BR00,AALR3,1622133655521924,11.77,11.76,11.75,11.78,11.79,11.8,1000,1100,2000,100,400,6400,11.77
367,129,BRAALRACNOR6BR00,AALR3,1622133655529539,11.77,11.76,11.75,11.78,11.8,11.81,900,700,2000,100,6400,2200,11.77
368,129,BRAALRACNOR6BR00,AALR3,1622133655530829,11.77,11.76,11.75,11.79,11.8,11.81,900,700,2000,100,6400,2200,11.77
369,129,BRAALRACNOR6BR00,AALR3,1622133655531551,11.77,11.76,11.75,11.79,11.8,11.81,900,700,2000,600,6400,2200,11.77
370,129,BRAALRACNOR6BR00,AALR3,1622133655532628,11.77,11.76,11.75,11.78,11.79,11.8,1000,600,2000,100,500,6400,11.77
371,129,BRAALRACNOR6BR00,AALR3,1622133659421478,11.77,11.76,11.75,11.79,11.8,11.81,800,700,2500,1000,6400,2200,11.78
372,129,BRAALRACNOR6BR00,AALR3,1622133663696344,11.77,11.76,11.75,11.79,11.8,11.81,800,1200,2000,1000,6400,2200,11.78
373,129,BRAALRACNOR6BR00,AALR3,1622133663697674,11.77,11.76,11.75,11.78,11.79,11.8,800,1200,2000,100,1000,6400,11.78
374,129,BRAALRACNOR6BR00,AALR3,1622133668417051,11.77,11.76,11.75,11.79,11.8,11.81,1700,1200,2000,1000,6400,2200,11.78
375,129,BRAALRACNOR6BR00,AALR3,1622133668420756,11.77,11.76,11.75,11.79,11.8,11.81,1700,1200,2000,500,6400,2200,11.78
376,129,BRAALRACNOR6BR00,AALR3,1622133668422044,11.77,11.76,11.75,11.78,11.8,11.81,1800,1100,2000,100,5800,2200,11.78
377,129,BRAALRACNOR6BR00,AALR3,1622133668422146,11.77,11.76,11.75,11.78,11.8,11.81,1800,1100,2000,100,5500,2200,11.78
378,129,BRAALRACNOR6BR00,AALR3,1622133668423112,11.78,11.77,11.76,11.8,11.81,11.82,300,1700,1500,5500,2200,1000,11.78
379,129,BRAALRACNOR6BR00,AALR3,1622133668423341,11.78,11.77,11.76,11.8,11.81,11.82,300,1700,1500,5800,2200,1000,11.78
380,129,BRAALRACNOR6BR00,AALR3,1622133668424480,11.78,11.77,11.76,11.8,11.81,11.82,300,2300,1000,5600,2200,1000,11.78
381,129,BRAALRACNOR6BR00,AALR3,1622133725993869,11.78,11.77,11.76,11.79,11.8,11.81,100,1800,1600,400,4200,2700,11.78
382,129,BRAALRACNOR6BR00,AALR3,1622133725995288,11.77,11.76,11.75,11.79,11.8,11.81,1300,1600,2000,800,4600,2200,11.78
383,129,BRAALRACNOR6BR00,AALR3,1622133728689771,11.77,11.76,11.75,11.8,11.81,11.82,1300,2100,2000,5200,2200,1000,11.79
384,129,BRAALRACNOR6BR00,AALR3,1622133728689964,11.77,11.76,11.75,11.8,11.81,11.82,1300,2100,2000,5200,2200,1000,11.79
385,129,BRAALRACNOR6BR00,AALR3,1622133728690448,11.77,11.76,11.75,11.8,11.81,11.82,1300,2100,2000,4100,2200,1000,11.79
386,129,BRAALRACNOR6BR00,AALR3,1622133728691693,11.78,11.77,11.76,11.8,11.81,11.82,1000,1700,2100,4200,1600,1000,11.79
387,129,BRAALRACNOR6BR00,AALR3,1622133750955460,11.77,11.76,11.75,11.79,11.8,11.81,1200,2100,2000,400,15000,2200,11.79
388,129,BRAALRACNOR6BR00,AALR3,1622133750956864,11.77,11.76,11.75,11.79,11.8,11.81,1200,2100,2000,800,14600,2200,11.79
389,129,BRAALRACNOR6BR00,AALR3,1622133752003797,11.77,11.76,11.75,11.79,11.8,11.81,1200,2100,2000,800,14600,2200,11.79
390,129,BRAALRACNOR6BR00,AALR3,1622133752004992,11.77,11.76,11.75,11.78,11.79,11.8,1200,2100,2000,100,700,14600,11.79
391,129,BRAALRACNOR6BR00,AALR3,1622133756333007,11.77,11.76,11.75,11.78,11.79,11.8,900,2200,2000,100,1200,14600,11.78
392,129,BRAALRACNOR6BR00,AALR3,1622133756730303,11.77,11.76,11.75,11.79,11.8,11.81,900,2200,2000,1300,14600,2200,11.78
393,129,BRAALRACNOR6BR00,AALR3,1622133756731533,11.77,11.76,11.75,11.78,11.79,11.8,900,2200,2000,100,1300,14600,11.78
394,129,BRAALRACNOR6BR00,AALR3,1622133763005501,11.76,11.75,11.74,11.78,11.79,11.8,300,2500,2100,200,1200,14700,11.76
395,129,BRAALRACNOR6BR00,AALR3,1622133763007103,11.76,11.75,11.74,11.77,11.78,11.79,300,2500,2100,100,500,2300,11.76
396,129,BRAALRACNOR6BR00,AALR3,1622133765812908,11.76,11.75,11.74,11.78,11.79,11.8,200,2100,2500,1400,10800,14200,11.77
397,129,BRAALRACNOR6BR00,AALR3,1622133765813275,11.76,11.75,11.74,11.78,11.79,11.8,200,2100,2500,900,10800,14200,11.77
398,129,BRAALRACNOR6BR00,AALR3,1622133765814457,11.76,11.75,11.74,11.77,11.78,11.79,200,2100,2500,100,900,10800,11.77
399,129,BRAALRACNOR6BR00,AALR3,1622133766324572,11.76,11.75,11.74,11.79,11.8,11.81,200,2100,2500,8300,14300,2200,11.79
400,129,BRAALRACNOR6BR00,AALR3,1622133766324578,11.76,11.75,11.74,11.79,11.8,11.81,200,2100,2500,8300,14300,2200,11.79
401,129,BRAALRACNOR6BR00,AALR3,1622133766325387,11.76,11.75,11.74,11.79,11.8,11.81,200,2600,2000,8300,14300,2200,11.79
402,129,BRAALRACNOR6BR00,AALR3,1622133766326643,11.77,11.76,11.75,11.78,11.79,11.8,600,700,2900,100,7800,13700,11.79
403,129,BRAALRACNOR6BR00,AALR3,1622133797127875,11.77,11.76,11.75,11.78,11.79,11.8,1200,1000,2500,100,7800,14300,11.78
404,129,BRAALRACNOR6BR00,AALR3,1622133797141555,11.77,11.76,11.75,11.79,11.8,11.81,1200,1000,2500,7800,14300,2200,11.78
405,129,BRAALRACNOR6BR00,AALR3,1622133797142831,11.77,11.76,11.75,11.78,11.79,11.8,1200,1900,2000,100,7800,14300,11.78
406,129,BRAALRACNOR6BR00,AALR3,1622133800235645,11.77,11.76,11.75,11.79,11.8,11.81,1200,1000,2500,7800,14300,2200,11.78
407,129,BRAALRACNOR6BR00,AALR3,1622133800236328,11.77,11.76,11.75,11.79,11.8,11.81,1200,1500,2000,7800,14300,2200,11.78
408,129,BRAALRACNOR6BR00,AALR3,1622133800237517,11.77,11.76,11.75,11.78,11.79,11.8,1200,1500,2000,100,7800,14300,11.78
409,129,BRAALRACNOR6BR00,AALR3,1622133808388038,11.76,11.75,11.74,11.77,11.78,11.79,1000,2500,2000,2900,100,7800,11.77
410,129,BRAALRACNOR6BR00,AALR3,1622133808389471,11.76,11.75,11.74,11.77,11.79,11.8,900,2000,2000,3000,8300,14400,11.77
411,129,BRAALRACNOR6BR00,AALR3,1622133813179668,11.74,11.73,11.72,11.75,11.77,11.79,2500,600,1600,500,100,8300,11.75
412,129,BRAALRACNOR6BR00,AALR3,1622133813181384,11.74,11.73,11.72,11.75,11.77,11.78,2000,600,1500,100,500,1000,11.75
413,129,BRAALRACNOR6BR00,AALR3,1622133813181831,11.74,11.73,11.72,11.75,11.77,11.78,2000,1100,1500,100,500,1000,11.75
414,129,BRAALRACNOR6BR00,AALR3,1622133813183062,11.74,11.73,11.72,11.76,11.77,11.78,2000,1100,1500,100,500,1000,11.75
415,129,BRAALRACNOR6BR00,AALR3,1622133813183539,11.74,11.73,11.72,11.76,11.78,11.79,2000,1100,1500,100,1000,8400,11.75
416,129,BRAALRACNOR6BR00,AALR3,1622133813184724,11.75,11.74,11.73,11.76,11.77,11.78,400,2000,1100,300,100,1000,11.75
417,129,BRAALRACNOR6BR00,AALR3,1622133813185160,11.75,11.74,11.73,11.76,11.77,11.78,400,2000,1100,300,100,1500,11.75
418,129,BRAALRACNOR6BR00,AALR3,1622133813186311,11.75,11.74,11.73,11.76,11.78,11.79,400,2000,1100,400,1500,8400,11.75
419,129,BRAALRACNOR6BR00,AALR3,1622133814745425,11.75,11.74,11.73,11.76,11.78,11.79,400,2100,1100,100,1500,8400,11.75
420,129,BRAALRACNOR6BR00,AALR3,1622133814746725,11.75,11.74,11.73,11.77,11.78,11.79,400,2100,1100,100,1500,8400,11.75
421,129,BRAALRACNOR6BR00,AALR3,1622133839827233,11.75,11.74,11.73,11.77,11.78,11.79,800,2600,600,100,1000,8400,11.77
422,129,BRAALRACNOR6BR00,AALR3,1622133839840287,11.76,11.75,11.74,11.77,11.78,11.79,100,800,2600,100,1000,8400,11.77
423,129,BRAALRACNOR6BR00,AALR3,1622133839841547,11.76,11.75,11.74,11.77,11.78,11.79,100,800,2600,200,500,8400,11.77
424,129,BRAALRACNOR6BR00,AALR3,1622133847705923,11.75,11.74,11.73,11.76,11.77,11.78,800,2500,600,1100,200,500,11.76
425,129,BRAALRACNOR6BR00,AALR3,1622133847707356,11.75,11.74,11.73,11.76,11.77,11.78,500,2000,600,1200,100,600,11.76
426,129,BRAALRACNOR6BR00,AALR3,1622133853809698,11.74,11.73,11.72,11.76,11.77,11.78,2000,1100,1500,1200,100,1200,11.76
427,129,BRAALRACNOR6BR00,AALR3,1622133853810991,11.74,11.73,11.72,11.75,11.76,11.77,2000,1100,1500,100,1100,600,11.76
428,129,BRAALRACNOR6BR00,AALR3,1622133862905116,11.74,11.73,11.72,11.75,11.76,11.77,2400,1100,1500,100,1000,1100,11.75
429,129,BRAALRACNOR6BR00,AALR3,1622133863397206,11.74,11.73,11.72,11.76,11.77,11.78,2400,1100,1500,1000,1100,700,11.75
430,129,BRAALRACNOR6BR00,AALR3,1622133863398752,11.75,11.74,11.73,11.76,11.77,11.78,300,2400,1100,1000,500,700,11.75
431,129,BRAALRACNOR6BR00,AALR3,1622133863398821,11.75,11.74,11.73,11.76,11.78,11.79,300,2400,1100,1000,700,8400,11.75
432,129,BRAALRACNOR6BR00,AALR3,1622133863398931,11.75,11.74,11.73,11.76,11.78,11.79,300,2400,1100,1000,700,8400,11.75
433,129,BRAALRACNOR6BR00,AALR3,1622133863399100,11.75,11.74,11.73,11.76,11.78,11.79,600,2400,1100,1000,700,8400,11.75
434,129,BRAALRACNOR6BR00,AALR3,1622133863400426,11.75,11.74,11.73,11.76,11.78,11.79,600,2400,1100,1100,700,8400,11.75
435,129,BRAALRACNOR6BR00,AALR3,1622133864160016,11.74,11.73,11.72,11.76,11.78,11.79,2400,1100,1500,1200,1200,8400,11.75
436,129,BRAALRACNOR6BR00,AALR3,1622133864161314,11.74,11.73,11.72,11.75,11.76,11.77,2400,1100,1500,100,1100,500,11.75
437,129,BRAALRACNOR6BR00,AALR3,1622133870179392,11.72,11.71,11.7,11.75,11.76,11.77,1100,6200,42300,300,2100,600,11.74
438,129,BRAALRACNOR6BR00,AALR3,1622133870180730,11.73,11.72,11.71,11.74,11.75,11.76,600,2000,6200,100,900,2500,11.74
439,129,BRAALRACNOR6BR00,AALR3,1622133870223822,11.73,11.72,11.71,11.74,11.75,11.76,600,2000,6200,100,200,2500,11.74
440,129,BRAALRACNOR6BR00,AALR3,1622133870225101,11.73,11.72,11.71,11.75,11.76,11.77,600,1600,6200,700,2100,600,11.74
441,129,BRAALRACNOR6BR00,AALR3,1622133882888621,11.74,11.73,11.72,11.76,11.77,11.78,1000,800,1600,1000,1100,4100,11.75
442,129,BRAALRACNOR6BR00,AALR3,1622133882889306,11.74,11.73,11.72,11.76,11.77,11.78,1000,1300,1100,1000,1100,4100,11.75
443,129,BRAALRACNOR6BR00,AALR3,1622133882890577,11.74,11.73,11.72,11.75,11.76,11.77,1900,1700,1100,100,1000,1100,11.75
444,129,BRAALRACNOR6BR00,AALR3,1622133882891365,11.75,11.74,11.73,11.76,11.77,11.78,300,1900,1700,1000,1100,4100,11.75
445,129,BRAALRACNOR6BR00,AALR3,1622133882891565,11.75,11.74,11.73,11.76,11.77,11.78,300,1900,1700,1000,1100,4100,11.75
446,129,BRAALRACNOR6BR00,AALR3,1622133882892006,11.75,11.74,11.73,11.76,11.77,11.78,300,1900,1700,1000,600,4100,11.75
447,129,BRAALRACNOR6BR00,AALR3,1622133882893148,11.75,11.74,11.73,11.76,11.77,11.78,300,1900,1700,1100,600,4100,11.75
448,129,BRAALRACNOR6BR00,AALR3,1622133882920507,11.74,11.73,11.72,11.76,11.77,11.78,1100,1700,1100,1100,600,4600,11.75
449,129,BRAALRACNOR6BR00,AALR3,1622133882921831,11.74,11.73,11.72,11.75,11.76,11.77,1500,1700,1100,100,1000,1100,11.75
450,129,BRAALRACNOR6BR00,AALR3,1622133882922832,11.74,11.73,11.72,11.76,11.77,11.78,1500,1700,1100,1000,1100,4100,11.75
451,129,BRAALRACNOR6BR00,AALR3,1622133882923511,11.75,11.74,11.73,11.76,11.77,11.78,400,1500,1700,1000,1100,4100,11.75
452,129,BRAALRACNOR6BR00,AALR3,1622133882924628,11.75,11.74,11.73,11.76,11.77,11.78,400,1900,1700,1100,600,4100,11.75
453,129,BRAALRACNOR6BR00,AALR3,1622133911368533,11.74,11.73,11.72,11.76,11.77,11.78,800,2100,1100,600,1600,3600,11.74
454,129,BRAALRACNOR6BR00,AALR3,1622133911369906,11.74,11.73,11.72,11.75,11.76,11.77,200,2100,1100,100,500,2100,11.74
455,129,BRAALRACNOR6BR00,AALR3,1622133948437440,11.74,11.73,11.72,11.75,11.76,11.77,500,1600,1600,200,1100,1600,11.75
456,129,BRAALRACNOR6BR00,AALR3,1622133948437789,11.74,11.73,11.72,11.75,11.76,11.77,500,1600,1600,200,600,1600,11.75
457,129,BRAALRACNOR6BR00,AALR3,1622133948439054,11.74,11.73,11.72,11.75,11.77,11.78,500,1600,1600,300,1600,3400,11.75
458,129,BRAALRACNOR6BR00,AALR3,1622133967323008,11.74,11.73,11.72,11.75,11.77,11.78,400,1600,1600,200,1600,3400,11.75
459,129,BRAALRACNOR6BR00,AALR3,1622133967324394,11.74,11.73,11.72,11.75,11.76,11.77,400,1600,1600,100,100,1600,11.75
460,129,BRAALRACNOR6BR00,AALR3,1622133974970180,11.74,11.73,11.72,11.75,11.76,11.77,300,2100,1100,100,100,1600,11.75
461,129,BRAALRACNOR6BR00,AALR3,1622133974971498,11.74,11.73,11.72,11.75,11.77,11.78,300,2100,1100,200,1600,3400,11.75
462,129,BRAALRACNOR6BR00,AALR3,1622133975081002,11.74,11.73,11.72,11.75,11.77,11.78,300,1600,1100,200,1600,3400,11.75
463,129,BRAALRACNOR6BR00,AALR3,1622133975081118,11.74,11.73,11.72,11.79,11.8,11.81,300,1600,1100,2600,18200,2200,11.79
464,129,BRAALRACNOR6BR00,AALR3,1622133975082893,11.75,11.74,11.73,11.78,11.79,11.8,600,1400,1600,100,2400,18200,11.79
465,129,BRAALRACNOR6BR00,AALR3,1622133975083796,11.75,11.74,11.73,11.78,11.79,11.8,1700,900,2000,300,2400,18200,11.79
466,129,BRAALRACNOR6BR00,AALR3,1622133975085307,11.76,11.75,11.74,11.77,11.78,11.79,1000,1700,900,100,200,2400,11.79
467,129,BRAALRACNOR6BR00,AALR3,1622134006572198,11.75,11.74,11.73,11.78,11.79,11.8,600,2200,1600,1300,3800,18700,11.77
468,129,BRAALRACNOR6BR00,AALR3,1622134006573028,11.75,11.74,11.73,11.78,11.79,11.8,600,2200,1600,1300,3800,18700,11.77
469,129,BRAALRACNOR6BR00,AALR3,1622134006575197,11.75,11.74,11.73,11.77,11.78,11.79,1000,2100,1600,100,700,3800,11.77
470,129,BRAALRACNOR6BR00,AALR3,1622134007896122,11.76,11.75,11.74,11.77,11.78,11.79,400,1500,2100,100,200,3200,11.77
471,129,BRAALRACNOR6BR00,AALR3,1622134007897977,11.76,11.75,11.74,11.78,11.79,11.8,500,1100,2100,300,3200,18100,11.77
472,129,BRAALRACNOR6BR00,AALR3,1622134008337906,11.76,11.75,11.74,11.78,11.79,11.8,500,1600,1600,500,3200,18100,11.77
473,129,BRAALRACNOR6BR00,AALR3,1622134008339430,11.76,11.75,11.74,11.77,11.78,11.79,400,1100,1600,100,400,3200,11.77
474,129,BRAALRACNOR6BR00,AALR3,1622134028485627,11.76,11.75,11.74,11.77,11.78,11.79,200,1300,900,500,200,3200,11.77
475,129,BRAALRACNOR6BR00,AALR3,1622134028486301,11.76,11.75,11.74,11.77,11.78,11.79,200,1800,400,500,200,3200,11.77
476,129,BRAALRACNOR6BR00,AALR3,1622134028487556,11.76,11.75,11.74,11.77,11.78,11.79,200,1800,400,600,200,3200,11.77
477,129,BRAALRACNOR6BR00,AALR3,1622134033143417,11.75,11.74,11.73,11.77,11.78,11.79,1700,400,1000,500,200,3200,11.75
478,129,BRAALRACNOR6BR00,AALR3,1622134033144707,11.75,11.74,11.73,11.76,11.77,11.78,1200,400,1000,100,400,200,11.75
479,129,BRAALRACNOR6BR00,AALR3,1622134034782140,11.75,11.74,11.73,11.76,11.77,11.78,1100,900,1000,100,200,200,11.75
480,129,BRAALRACNOR6BR00,AALR3,1622134034783533,11.75,11.74,11.73,11.77,11.78,11.79,1100,900,1000,300,200,3200,11.75
481,129,BRAALRACNOR6BR00,AALR3,1622134050945866,11.75,11.74,11.73,11.77,11.78,11.79,1000,1500,1000,800,600,3200,11.77
482,129,BRAALRACNOR6BR00,AALR3,1622134050947209,11.75,11.74,11.73,11.76,11.77,11.78,1000,1500,1000,100,700,600,11.77
483,129,BRAALRACNOR6BR00,AALR3,1622134051416438,11.75,11.74,11.73,11.77,11.78,11.79,1000,1500,1000,600,200,3200,11.77
484,129,BRAALRACNOR6BR00,AALR3,1622134051422790,11.76,11.75,11.74,11.77,11.78,11.79,100,1000,1500,600,200,3200,11.77
485,129,BRAALRACNOR6BR00,AALR3,1622134051424065,11.76,11.75,11.74,11.77,11.78,11.79,100,1000,1500,700,200,3200,11.77
486,129,BRAALRACNOR6BR00,AALR3,1622134055363215,11.75,11.74,11.73,11.77,11.78,11.79,900,1600,1000,700,200,3200,11.76
487,129,BRAALRACNOR6BR00,AALR3,1622134055364584,11.75,11.74,11.73,11.76,11.77,11.78,900,1600,1000,100,600,200,11.76
488,129,BRAALRACNOR6BR00,AALR3,1622134065249747,11.76,11.75,11.74,11.77,11.78,11.79,300,1900,800,400,200,3200,11.76
489,129,BRAALRACNOR6BR00,AALR3,1622134065260702,11.75,11.74,11.73,11.77,11.78,11.79,1900,800,1000,400,200,3200,11.76
490,129,BRAALRACNOR6BR00,AALR3,1622134065261972,11.75,11.74,11.73,11.76,11.77,11.78,1900,800,1000,100,400,200,11.76
491,129,BRAALRACNOR6BR00,AALR3,1622134065583164,11.75,11.74,11.73,11.76,11.78,11.79,1900,800,1000,100,600,3200,11.76
492,129,BRAALRACNOR6BR00,AALR3,1622134065584489,11.75,11.74,11.73,11.77,11.78,11.79,1900,800,1000,100,600,3200,11.76
493,129,BRAALRACNOR6BR00,AALR3,1622134091545500,11.76,11.75,11.74,11.78,11.79,11.8,500,1800,1800,300,3200,18100,11.78
494,129,BRAALRACNOR6BR00,AALR3,1622134091545637,11.76,11.75,11.74,11.78,11.79,11.8,500,1800,1800,300,3200,18100,11.78
495,129,BRAALRACNOR6BR00,AALR3,1622134091546414,11.76,11.75,11.74,11.78,11.79,11.8,500,2300,1300,300,3200,18100,11.78
496,129,BRAALRACNOR6BR00,AALR3,1622134091547695,11.77,11.76,11.75,11.78,11.79,11.8,400,1300,2700,400,3200,18100,11.78
497,129,BRAALRACNOR6BR00,AALR3,1622134107632841,11.76,11.75,11.74,11.77,11.78,11.79,900,1800,1300,1000,300,3200,11.77
498,129,BRAALRACNOR6BR00,AALR3,1622134107634279,11.76,11.75,11.74,11.77,11.78,11.79,900,1800,1300,1100,200,3200,11.77
499,129,BRAALRACNOR6BR00,AALR3,1622134107634780,11.76,11.75,11.74,11.77,11.78,11.79,300,1300,1300,1100,200,3200,11.77
500,129,BRAALRACNOR6BR00,AALR3,1622134107636025,11.76,11.75,11.74,11.77,11.78,11.79,200,1300,1300,1000,200,3200,11.76
501,129,BRAALRACNOR6BR00,AALR3,1622134107636182,11.76,11.75,11.74,11.77,11.78,11.79,200,1300,1300,1000,200,3200,11.76
502,129,BRAALRACNOR6BR00,AALR3,1622134107636720,11.76,11.75,11.74,11.77,11.78,11.79,200,1300,1800,1000,200,3200,11.76
503,129,BRAALRACNOR6BR00,AALR3,1622134107637944,11.76,11.75,11.74,11.77,11.78,11.79,100,1300,1800,1000,200,3200,11.76
504,129,BRAALRACNOR6BR00,AALR3,1622134107638080,11.76,11.75,11.74,11.77,11.78,11.79,100,1300,1800,1000,200,3200,11.76
505,129,BRAALRACNOR6BR00,AALR3,1622134107734981,11.76,11.75,11.74,11.77,11.78,11.79,100,1900,1800,1000,200,3200,11.76
506,129,BRAALRACNOR6BR00,AALR3,1622134107736423,11.75,11.74,11.73,11.77,11.78,11.79,1900,1800,3000,1000,200,3200,11.76
507,129,BRAALRACNOR6BR00,AALR3,1622134107736562,11.75,11.74,11.73,11.77,11.78,11.79,1900,1800,3000,1000,200,3200,11.76
508,129,BRAALRACNOR6BR00,AALR3,1622134107737054,11.75,11.74,11.73,11.77,11.78,11.79,2300,1800,3000,1000,200,3200,11.76
509,129,BRAALRACNOR6BR00,AALR3,1622134107738221,11.75,11.74,11.73,11.76,11.77,11.78,2300,1800,3000,100,1000,200,11.76
510,129,BRAALRACNOR6BR00,AALR3,1622134108479715,11.75,11.74,11.73,11.77,11.78,11.79,1900,1800,3000,1000,200,3200,11.76
511,129,BRAALRACNOR6BR00,AALR3,1622134108480382,11.75,11.74,11.73,11.77,11.78,11.79,2300,1800,3000,1000,200,3200,11.76
512,129,BRAALRACNOR6BR00,AALR3,1622134108481583,11.75,11.74,11.73,11.76,11.77,11.78,2300,1800,3000,100,1000,200,11.76
513,129,BRAALRACNOR6BR00,AALR3,1622134134201888,11.75,11.74,11.73,11.76,11.77,11.78,2800,1700,1000,200,1000,200,11.76
514,129,BRAALRACNOR6BR00,AALR3,1622134134202318,11.75,11.74,11.73,11.76,11.77,11.78,2200,1700,1000,200,1000,200,11.76
515,129,BRAALRACNOR6BR00,AALR3,1622134134203637,11.75,11.74,11.73,11.76,11.77,11.78,2200,1700,1000,300,1000,200,11.76
516,129,BRAALRACNOR6BR00,AALR3,1622134134203947,11.76,11.75,11.74,11.77,11.78,11.79,300,2200,1700,1000,200,3200,11.76
517,129,BRAALRACNOR6BR00,AALR3,1622134134204682,11.75,11.74,11.73,11.77,11.78,11.79,2200,1700,1000,1000,200,3200,11.76
518,129,BRAALRACNOR6BR00,AALR3,1622134134205882,11.75,11.74,11.73,11.76,11.77,11.78,2200,1700,1000,100,1000,200,11.76
519,129,BRAALRACNOR6BR00,AALR3,1622134136386469,11.75,11.74,11.73,11.77,11.78,11.79,2500,1700,1000,1000,200,3200,11.76
520,129,BRAALRACNOR6BR00,AALR3,1622134136399086,11.76,11.75,11.74,11.77,11.78,11.79,100,2500,1700,1000,200,3200,11.76
521,129,BRAALRACNOR6BR00,AALR3,1622134136400447,11.75,11.74,11.73,11.77,11.78,11.79,2500,1700,1000,1000,200,3200,11.76
522,129,BRAALRACNOR6BR00,AALR3,1622134136400581,11.75,11.74,11.73,11.77,11.78,11.79,2500,1700,1000,1000,200,3200,11.76
523,129,BRAALRACNOR6BR00,AALR3,1622134136401153,11.75,11.74,11.73,11.77,11.78,11.79,2500,1700,1000,1000,200,3200,11.76
524,129,BRAALRACNOR6BR00,AALR3,1622134136402318,11.75,11.74,11.73,11.76,11.77,11.78,2500,1700,1000,100,1000,200,11.76
525,129,BRAALRACNOR6BR00,AALR3,1622134142066168,11.75,11.74,11.73,11.76,11.78,11.79,1500,1700,1000,100,200,3700,11.75
526,129,BRAALRACNOR6BR00,AALR3,1622134142067721,11.75,11.74,11.73,11.77,11.78,11.79,1100,1200,1000,100,200,3700,11.75
527,129,BRAALRACNOR6BR00,AALR3,1622134180677616,11.75,11.74,11.73,11.77,11.78,11.79,2400,1700,1000,200,200,3700,11.77
528,129,BRAALRACNOR6BR00,AALR3,1622134180697874,11.75,11.74,11.73,11.77,11.78,11.79,2400,1700,1000,100,200,3700,11.77
529,129,BRAALRACNOR6BR00,AALR3,1622134180699070,11.76,11.75,11.74,11.77,11.78,11.79,400,2000,1700,200,200,3700,11.77
530,129,BRAALRACNOR6BR00,AALR3,1622134184066790,11.77,11.75,11.74,11.78,11.79,11.8,100,2400,1700,200,3700,17900,11.77
531,129,BRAALRACNOR6BR00,AALR3,1622134184067423,11.77,11.75,11.74,11.78,11.79,11.8,100,2900,1200,200,3700,17900,11.77
532,129,BRAALRACNOR6BR00,AALR3,1622134184068705,11.76,11.75,11.74,11.77,11.78,11.79,400,2400,1200,100,600,3700,11.77
533,129,BRAALRACNOR6BR00,AALR3,1622134184103773,11.76,11.75,11.74,11.77,11.78,11.79,400,2400,1700,100,200,3700,11.77
534,129,BRAALRACNOR6BR00,AALR3,1622134184105065,11.76,11.75,11.74,11.78,11.79,11.8,400,2400,1700,300,3700,17900,11.77
535,129,BRAALRACNOR6BR00,AALR3,1622134187552553,11.76,11.75,11.74,11.77,11.78,11.79,1000,2300,1200,1000,300,3700,11.77
536,129,BRAALRACNOR6BR00,AALR3,1622134187553926,11.76,11.75,11.74,11.77,11.78,11.79,1000,1800,1200,1100,200,3700,11.77
537,129,BRAALRACNOR6BR00,AALR3,1622134187554833,11.76,11.75,11.74,11.77,11.78,11.79,200,1800,1700,1100,200,3700,11.77
538,129,BRAALRACNOR6BR00,AALR3,1622134187556215,11.76,11.75,11.74,11.77,11.78,11.79,100,1800,1700,1000,200,3700,11.76
539,129,BRAALRACNOR6BR00,AALR3,1622134187556371,11.76,11.75,11.74,11.77,11.78,11.79,100,1800,1700,1000,200,3700,11.76
540,129,BRAALRACNOR6BR00,AALR3,1622134187654240,11.76,11.75,11.74,11.77,11.78,11.79,100,2300,1700,1000,200,3700,11.76
541,129,BRAALRACNOR6BR00,AALR3,1622134187655717,11.75,11.74,11.73,11.77,11.78,11.79,2300,1700,1000,1000,200,3700,11.76
542,129,BRAALRACNOR6BR00,AALR3,1622134187655837,11.75,11.74,11.73,11.77,11.78,11.79,2300,1700,1000,1000,200,3700,11.76
543,129,BRAALRACNOR6BR00,AALR3,1622134187698881,11.75,11.74,11.73,11.77,11.78,11.79,2300,1700,1000,1100,200,3700,11.76
544,129,BRAALRACNOR6BR00,AALR3,1622134187700114,11.75,11.74,11.73,11.76,11.77,11.78,1800,1700,1000,100,1100,200,11.76
545,129,BRAALRACNOR6BR00,AALR3,1622134188838809,11.75,11.74,11.73,11.76,11.77,11.78,1300,1700,1000,200,100,200,11.75
546,129,BRAALRACNOR6BR00,AALR3,1622134188840626,11.75,11.74,11.73,11.76,11.77,11.78,900,1200,1000,100,200,600,11.75
547,129,BRAALRACNOR6BR00,AALR3,1622134190511973,11.75,11.74,11.73,11.76,11.77,11.78,1800,1700,1000,1000,300,600,11.75
548,129,BRAALRACNOR6BR00,AALR3,1622134190513328,11.75,11.74,11.73,11.76,11.77,11.78,1400,1200,1000,1100,200,200,11.75
549,129,BRAALRACNOR6BR00,AALR3,1622134192852632,11.75,11.74,11.73,11.76,11.78,11.79,400,1700,1500,900,200,3700,11.76
550,129,BRAALRACNOR6BR00,AALR3,1622134192853166,11.75,11.74,11.73,11.76,11.78,11.79,400,1200,1500,900,200,3700,11.76
551,129,BRAALRACNOR6BR00,AALR3,1622134192854474,11.75,11.74,11.73,11.76,11.78,11.79,400,1200,1500,1000,200,3700,11.76
552,129,BRAALRACNOR6BR00,AALR3,1622134194677313,11.74,11.73,11.72,11.75,11.76,11.78,1700,1500,400,600,1000,200,11.75
553,129,BRAALRACNOR6BR00,AALR3,1622134194678645,11.74,11.73,11.72,11.75,11.76,11.78,1700,1500,400,700,900,200,11.75
554,129,BRAALRACNOR6BR00,AALR3,1622134199583346,11.74,11.73,11.72,11.75,11.78,11.79,600,1500,400,300,200,3700,11.74
555,129,BRAALRACNOR6BR00,AALR3,1622134199584717,11.74,11.73,11.72,11.75,11.76,11.77,200,1500,400,200,100,400,11.74
556,129,BRAALRACNOR6BR00,AALR3,1622134199584900,11.74,11.73,11.72,11.75,11.76,11.77,200,1500,400,200,100,400,11.74
557,129,BRAALRACNOR6BR00,AALR3,1622134199586000,11.74,11.73,11.72,11.75,11.77,11.78,200,1500,400,300,400,600,11.74
558,129,BRAALRACNOR6BR00,AALR3,1622134233152438,11.73,11.72,11.71,11.74,11.75,11.76,1500,900,5600,1000,200,400,11.75
559,129,BRAALRACNOR6BR00,AALR3,1622134233153825,11.73,11.72,11.71,11.74,11.75,11.77,1300,900,5600,1100,100,1600,11.75
560,129,BRAALRACNOR6BR00,AALR3,1622134245145989,11.73,11.72,11.71,11.74,11.75,11.77,200,900,5600,900,100,1600,11.73
561,129,BRAALRACNOR6BR00,AALR3,1622134245147409,11.73,11.72,11.71,11.74,11.75,11.76,100,900,5600,800,100,400,11.73
562,129,BRAALRACNOR6BR00,AALR3,1622134245147525,11.73,11.72,11.71,11.74,11.75,11.76,100,900,5600,800,100,400,11.73
563,129,BRAALRACNOR6BR00,AALR3,1622134245147676,11.73,11.72,11.71,11.74,11.75,11.76,100,400,5600,800,100,400,11.73
564,129,BRAALRACNOR6BR00,AALR3,1622134245148915,11.72,11.71,11.7,11.74,11.75,11.76,400,5600,40700,800,100,400,11.73
565,129,BRAALRACNOR6BR00,AALR3,1622134245149114,11.72,11.71,11.7,11.74,11.75,11.76,400,5600,40700,800,100,400,11.73
566,129,BRAALRACNOR6BR00,AALR3,1622134245149574,11.72,11.71,11.7,11.74,11.75,11.76,400,6100,40700,800,100,400,11.73
567,129,BRAALRACNOR6BR00,AALR3,1622134245150646,11.72,11.71,11.7,11.73,11.74,11.75,800,6100,40700,100,800,100,11.73
568,129,BRAALRACNOR6BR00,AALR3,1622134287679139,11.71,11.7,11.67,11.72,11.73,11.74,5900,38700,2000,500,100,800,11.72
569,129,BRAALRACNOR6BR00,AALR3,1622134287680477,11.71,11.7,11.67,11.72,11.74,11.75,5400,38700,2000,600,800,500,11.72
570,129,BRAALRACNOR6BR00,AALR3,1622134290194195,11.71,11.7,11.67,11.72,11.74,11.75,5400,39200,2000,100,1300,500,11.72
571,129,BRAALRACNOR6BR00,AALR3,1622134290195554,11.71,11.7,11.67,11.73,11.74,11.75,5400,39200,2000,100,1300,500,11.72
572,129,BRAALRACNOR6BR00,AALR3,1622134291304665,11.71,11.7,11.67,11.73,11.74,11.75,5900,39200,2000,800,1200,500,11.72
573,129,BRAALRACNOR6BR00,AALR3,1622134291306131,11.71,11.7,11.67,11.72,11.73,11.74,5900,39200,2000,100,500,1200,11.72
574,129,BRAALRACNOR6BR00,AALR3,1622134292916410,11.71,11.7,11.67,11.72,11.74,11.75,4900,39200,2000,100,800,700,11.71
575,129,BRAALRACNOR6BR00,AALR3,1622134292917715,11.71,11.7,11.67,11.73,11.74,11.75,4900,39200,2000,100,1200,700,11.71
576,129,BRAALRACNOR6BR00,AALR3,1622134294611686,11.71,11.7,11.67,11.72,11.73,11.74,5400,39200,2000,1000,100,1200,11.71
577,129,BRAALRACNOR6BR00,AALR3,1622134294613261,11.71,11.7,11.67,11.72,11.74,11.75,5400,38700,2000,1100,800,700,11.71
578,129,BRAALRACNOR6BR00,AALR3,1622134295713327,11.71,11.7,11.67,11.74,11.75,11.76,4900,39200,2000,800,700,400,11.72
579,129,BRAALRACNOR6BR00,AALR3,1622134295713603,11.71,11.7,11.67,11.74,11.75,11.76,4900,39200,2000,800,700,400,11.72
580,129,BRAALRACNOR6BR00,AALR3,1622134295714453,11.72,11.71,11.7,11.74,11.75,11.76,400,4900,39200,800,700,400,11.72
581,129,BRAALRACNOR6BR00,AALR3,1622134295715766,11.72,11.71,11.7,11.73,11.74,11.75,400,5400,38700,100,800,700,11.72
582,129,BRAALRACNOR6BR00,AALR3,1622134302478100,11.71,11.7,11.67,11.74,11.75,11.76,5000,39200,2000,500,700,600,11.74
583,129,BRAALRACNOR6BR00,AALR3,1622134302478686,11.71,11.7,11.67,11.74,11.75,11.76,5000,39200,2000,100,700,600,11.74
584,129,BRAALRACNOR6BR00,AALR3,1622134302479963,11.72,11.71,11.7,11.73,11.74,11.75,400,5500,38700,100,100,1100,11.74
585,129,BRAALRACNOR6BR00,AALR3,1622134302508231,11.72,11.71,11.7,11.73,11.74,11.75,400,5500,38700,100,100,700,11.74
586,129,BRAALRACNOR6BR00,AALR3,1622134302509493,11.72,11.71,11.7,11.74,11.75,11.76,400,5500,38700,200,700,600,11.74
587,129,BRAALRACNOR6BR00,AALR3,1622134308644327,11.71,11.7,11.68,11.74,11.75,11.76,5400,38700,2000,200,200,600,11.72
588,129,BRAALRACNOR6BR00,AALR3,1622134308645793,11.72,11.71,11.7,11.73,11.74,11.75,400,5400,38700,100,100,600,11.72
589,129,BRAALRACNOR6BR00,AALR3,1622134308646128,11.72,11.71,11.7,11.73,11.74,11.75,400,4900,38700,100,100,600,11.72
590,129,BRAALRACNOR6BR00,AALR3,1622134308647360,11.72,11.71,11.7,11.74,11.75,11.76,400,5400,38700,600,600,600,11.72
591,129,BRAALRACNOR6BR00,AALR3,1622134314363866,11.72,11.71,11.7,11.74,11.75,11.76,400,5400,39200,600,600,600,11.72
592,129,BRAALRACNOR6BR00,AALR3,1622134314365207,11.72,11.71,11.7,11.73,11.74,11.75,400,5400,39200,100,500,600,11.72
593,129,BRAALRACNOR6BR00,AALR3,1622134314365552,11.72,11.71,11.7,11.73,11.74,11.75,400,5400,39200,100,100,600,11.72
594,129,BRAALRACNOR6BR00,AALR3,1622134314366789,11.72,11.71,11.7,11.74,11.75,11.76,400,5400,39200,200,200,600,11.72
595,129,BRAALRACNOR6BR00,AALR3,1622134321674215,11.72,11.71,11.7,11.73,11.74,11.75,400,5400,39200,200,100,600,11.74
596,129,BRAALRACNOR6BR00,AALR3,1622134321675613,11.72,11.71,11.7,11.73,11.75,11.76,400,5400,39200,300,200,600,11.74
597,129,BRAALRACNOR6BR00,AALR3,1622134387075586,11.71,11.7,11.68,11.73,11.74,11.75,4000,39200,2000,400,400,600,11.71
598,129,BRAALRACNOR6BR00,AALR3,1622134387077122,11.71,11.7,11.68,11.73,11.74,11.75,900,39200,2000,700,400,600,11.71
599,129,BRAALRACNOR6BR00,AALR3,1622134387077300,11.71,11.7,11.68,11.73,11.74,11.75,900,39200,2000,700,400,600,11.71
600,129,BRAALRACNOR6BR00,AALR3,1622134387077892,11.7,11.68,11.64,11.73,11.74,11.75,39200,2000,300,700,400,600,11.71
601,129,BRAALRACNOR6BR00,AALR3,1622134387079226,11.7,11.68,11.64,11.72,11.73,11.74,39100,2000,300,700,700,400,11.7
602,129,BRAALRACNOR6BR00,AALR3,1622134387079381,11.7,11.68,11.64,11.72,11.73,11.74,39100,2000,300,700,700,400,11.7
603,129,BRAALRACNOR6BR00,AALR3,1622134387225643,11.7,11.64,11.62,11.72,11.73,11.74,39100,300,700,700,700,400,11.7
604,129,BRAALRACNOR6BR00,AALR3,1622134387226974,11.7,11.64,11.62,11.72,11.73,11.74,39000,300,700,400,700,400,11.7
605,129,BRAALRACNOR6BR00,AALR3,1622134387227192,11.7,11.64,11.62,11.72,11.73,11.74,39000,300,700,400,700,400,11.7
606,129,BRAALRACNOR6BR00,AALR3,1622134387230358,11.7,11.69,11.64,11.72,11.73,11.74,39000,3100,300,400,700,400,11.7
607,129,BRAALRACNOR6BR00,AALR3,1622134387231559,11.7,11.69,11.64,11.72,11.73,11.74,38900,3100,300,400,700,400,11.7
608,129,BRAALRACNOR6BR00,AALR3,1622134387231790,11.7,11.69,11.64,11.72,11.73,11.74,38900,3100,300,400,700,400,11.7
609,129,BRAALRACNOR6BR00,AALR3,1622134388271206,11.7,11.69,11.64,11.72,11.73,11.74,38400,3100,300,400,700,400,11.7
610,129,BRAALRACNOR6BR00,AALR3,1622134388272442,11.7,11.69,11.64,11.72,11.73,11.74,38300,3100,300,400,700,400,11.7
611,129,BRAALRACNOR6BR00,AALR3,1622134388272605,11.7,11.69,11.64,11.72,11.73,11.74,38300,3100,300,400,700,400,11.7
612,129,BRAALRACNOR6BR00,AALR3,1622134388333273,11.7,11.69,11.66,11.72,11.73,11.74,38300,3100,2000,400,700,400,11.7
613,129,BRAALRACNOR6BR00,AALR3,1622134388334479,11.7,11.69,11.66,11.72,11.73,11.74,38200,3100,2000,400,700,400,11.7
614,129,BRAALRACNOR6BR00,AALR3,1622134388334683,11.7,11.69,11.66,11.72,11.73,11.74,38200,3100,2000,400,700,400,11.7
615,132,BRABCBACNPR4BR00,ABCB4,1622133238376127,16.59,16.58,16.57,16.6,16.61,16.62,1600,300,600,1100,1200,2800,16.6
616,132,BRABCBACNPR4BR00,ABCB4,1622133238377316,16.59,16.58,16.57,16.6,16.61,16.62,1600,300,600,1200,1200,2800,16.6
617,132,BRABCBACNPR4BR00,ABCB4,1622133243535412,16.6,16.59,16.58,16.61,16.62,16.63,200,1900,300,1200,2600,2000,16.6
618,132,BRABCBACNPR4BR00,ABCB4,1622133243535606,16.6,16.59,16.58,16.61,16.62,16.63,200,1900,300,1200,2600,2000,16.6
619,132,BRABCBACNPR4BR00,ABCB4,1622133243536024,16.6,16.59,16.58,16.61,16.62,16.63,200,1900,300,1000,2600,2000,16.6
620,132,BRABCBACNPR4BR00,ABCB4,1622133243537253,16.6,16.59,16.58,16.61,16.62,16.63,200,1900,300,1100,2000,1400,16.6
621,132,BRABCBACNPR4BR00,ABCB4,1622133243539208,16.59,16.58,16.57,16.6,16.61,16.62,1900,300,700,300,1100,1900,16.6
622,132,BRABCBACNPR4BR00,ABCB4,1622133243540585,16.59,16.58,16.57,16.6,16.61,16.62,1900,300,700,400,1000,1900,16.6
623,132,BRABCBACNPR4BR00,ABCB4,1622133244558384,16.59,16.58,16.57,16.61,16.62,16.63,1500,300,700,1200,1900,2000,16.6
624,132,BRABCBACNPR4BR00,ABCB4,1622133244558862,16.59,16.58,16.57,16.61,16.62,16.63,1500,300,700,1000,1900,2000,16.6
625,132,BRABCBACNPR4BR00,ABCB4,1622133244560094,16.59,16.58,16.57,16.6,16.61,16.62,1500,300,700,100,1000,1900,16.6
626,132,BRABCBACNPR4BR00,ABCB4,1622133260170557,16.59,16.58,16.57,16.6,16.61,16.62,1700,300,700,700,700,2500,16.6
627,132,BRABCBACNPR4BR00,ABCB4,1622133260963440,16.59,16.58,16.57,16.6,16.61,16.62,1600,300,700,700,700,2500,16.6
628,132,BRABCBACNPR4BR00,ABCB4,1622133260965492,16.59,16.58,16.57,16.6,16.61,16.62,1600,300,700,800,700,2500,16.6
629,132,BRABCBACNPR4BR00,ABCB4,1622133300040990,16.59,16.58,16.57,16.6,16.61,16.62,1100,300,600,1600,1600,2600,16.6
630,132,BRABCBACNPR4BR00,ABCB4,1622133300041638,16.59,16.58,16.57,16.61,16.62,16.63,1100,300,600,1600,2600,1400,16.6
631,132,BRABCBACNPR4BR00,ABCB4,1622133300042934,16.59,16.58,16.57,16.6,16.61,16.62,1100,300,700,100,1700,2600,16.6
632,132,BRABCBACNPR4BR00,ABCB4,1622133305864572,16.59,16.58,16.57,16.6,16.61,16.62,1000,300,600,4300,1700,2800,16.6
633,132,BRABCBACNPR4BR00,ABCB4,1622133310274652,16.59,16.58,16.57,16.6,16.61,16.62,1000,300,600,4800,1200,2800,16.6
634,132,BRABCBACNPR4BR00,ABCB4,1622133310275874,16.59,16.58,16.57,16.6,16.61,16.62,1000,300,600,4900,1200,2800,16.6
635,132,BRABCBACNPR4BR00,ABCB4,1622133319413372,16.58,16.57,16.56,16.6,16.61,16.62,100,600,1200,5100,1200,2800,16.59
636,132,BRABCBACNPR4BR00,ABCB4,1622133319415244,16.57,16.56,16.55,16.59,16.6,16.61,300,1100,3100,400,5000,1300,16.59
637,132,BRABCBACNPR4BR00,ABCB4,1622133319415324,16.57,16.56,16.55,16.59,16.6,16.61,300,700,3100,400,5000,1300,16.59
638,132,BRABCBACNPR4BR00,ABCB4,1622133319416623,16.57,16.56,16.55,16.58,16.59,16.6,300,700,3200,100,500,4200,16.59
639,132,BRABCBACNPR4BR00,ABCB4,1622133319515529,16.56,16.55,16.54,16.58,16.59,16.6,600,2400,2500,3900,200,2700,16.59
640,132,BRABCBACNPR4BR00,ABCB4,1622133319516903,16.56,16.55,16.54,16.57,16.58,16.59,300,2400,2100,100,3800,300,16.59
641,132,BRABCBACNPR4BR00,ABCB4,1622133319615549,16.55,16.54,16.53,16.57,16.58,16.59,2400,2100,900,4100,500,500,16.59
642,132,BRABCBACNPR4BR00,ABCB4,1622133319616872,16.55,16.54,16.53,16.56,16.57,16.58,2400,1000,900,100,4000,600,16.59
643,132,BRABCBACNPR4BR00,ABCB4,1622133319618510,16.56,16.55,16.54,16.57,16.58,16.59,100,1400,700,2200,600,400,16.56
644,132,BRABCBACNPR4BR00,ABCB4,1622133319618704,16.56,16.55,16.54,16.57,16.58,16.59,100,1400,700,2200,600,400,16.56
645,132,BRABCBACNPR4BR00,ABCB4,1622133319619179,16.56,16.55,16.54,16.57,16.58,16.59,100,1400,700,2200,500,400,16.56
646,132,BRABCBACNPR4BR00,ABCB4,1622133319620425,16.55,16.54,16.53,16.57,16.58,16.59,1400,700,800,2300,600,700,16.56
647,132,BRABCBACNPR4BR00,ABCB4,1622133319664068,16.55,16.54,16.53,16.57,16.58,16.59,1400,700,800,4100,600,700,16.56
648,132,BRABCBACNPR4BR00,ABCB4,1622133319665289,16.55,16.54,16.53,16.56,16.57,16.58,1400,700,800,100,4000,600,16.56
649,132,BRABCBACNPR4BR00,ABCB4,1622133319715414,16.55,16.54,16.53,16.56,16.57,16.58,1400,700,800,1600,600,600,16.56
650,132,BRABCBACNPR4BR00,ABCB4,1622133319715855,16.55,16.54,16.53,16.57,16.58,16.59,1400,700,800,600,600,1100,16.56
651,132,BRABCBACNPR4BR00,ABCB4,1622133319717061,16.55,16.54,16.53,16.56,16.57,16.58,1400,700,800,100,600,600,16.56
652,132,BRABCBACNPR4BR00,ABCB4,1622133320009471,16.56,16.55,16.54,16.57,16.58,16.59,200,1600,700,400,900,1300,16.56
653,132,BRABCBACNPR4BR00,ABCB4,1622133320009629,16.56,16.55,16.54,16.57,16.58,16.59,200,1600,700,400,900,1400,16.56
654,132,BRABCBACNPR4BR00,ABCB4,1622133320010098,16.56,16.55,16.54,16.57,16.58,16.59,200,1600,700,400,600,1400,16.56
655,132,BRABCBACNPR4BR00,ABCB4,1622133320011392,16.56,16.55,16.54,16.57,16.58,16.59,200,1600,800,700,600,1400,16.56
656,132,BRABCBACNPR4BR00,ABCB4,1622133361178775,16.56,16.55,16.54,16.58,16.59,16.6,1000,100,1100,500,1900,2700,16.57
657,132,BRABCBACNPR4BR00,ABCB4,1622133361179416,16.56,16.55,16.54,16.58,16.59,16.6,1000,100,1100,300,1900,2700,16.57
658,132,BRABCBACNPR4BR00,ABCB4,1622133361180615,16.57,16.56,16.55,16.58,16.59,16.6,200,1000,100,500,1500,2700,16.57
659,132,BRABCBACNPR4BR00,ABCB4,1622133384436399,16.57,16.56,16.55,16.58,16.59,16.6,300,700,200,400,900,2800,16.58
660,132,BRABCBACNPR4BR00,ABCB4,1622133384436854,16.57,16.56,16.55,16.58,16.59,16.6,300,700,200,400,900,2700,16.58
661,132,BRABCBACNPR4BR00,ABCB4,1622133384438072,16.57,16.56,16.55,16.58,16.59,16.6,300,700,200,500,900,2700,16.58
662,132,BRABCBACNPR4BR00,ABCB4,1622133386041171,16.56,16.55,16.54,16.58,16.59,16.6,700,100,1400,700,900,3300,16.57
663,132,BRABCBACNPR4BR00,ABCB4,1622133386042367,16.56,16.55,16.54,16.57,16.58,16.59,700,100,1500,100,600,900,16.57
664,132,BRABCBACNPR4BR00,ABCB4,1622133386050644,16.56,16.55,16.54,16.57,16.58,16.59,700,100,1500,100,700,900,16.57
665,132,BRABCBACNPR4BR00,ABCB4,1622133386105280,16.56,16.55,16.54,16.58,16.59,16.6,700,100,1500,700,900,3400,16.57
666,132,BRABCBACNPR4BR00,ABCB4,1622133386106717,16.57,16.56,16.55,16.58,16.59,16.6,100,700,100,500,900,3400,16.57
667,132,BRABCBACNPR4BR00,ABCB4,1622133386106996,16.57,16.56,16.55,16.58,16.59,16.6,100,700,100,500,900,3400,16.57
668,132,BRABCBACNPR4BR00,ABCB4,1622133386687197,16.57,16.56,16.55,16.58,16.59,16.6,200,700,100,500,900,3400,16.57
669,132,BRABCBACNPR4BR00,ABCB4,1622133386688356,16.57,16.56,16.55,16.58,16.59,16.6,200,700,100,600,900,3400,16.57
670,132,BRABCBACNPR4BR00,ABCB4,1622133422211357,16.58,16.57,16.56,16.59,16.6,16.61,200,900,300,800,2400,2600,16.58
671,132,BRABCBACNPR4BR00,ABCB4,1622133422211590,16.58,16.57,16.56,16.59,16.6,16.61,200,900,300,1000,2400,2600,16.58
672,132,BRABCBACNPR4BR00,ABCB4,1622133422212338,16.58,16.57,16.56,16.59,16.6,16.61,200,900,300,1000,2400,2600,16.58
673,132,BRABCBACNPR4BR00,ABCB4,1622133422213664,16.58,16.57,16.56,16.59,16.6,16.61,200,900,300,1100,1700,2500,16.58
674,132,BRABCBACNPR4BR00,ABCB4,1622133443452361,16.58,16.57,16.56,16.6,16.61,16.62,300,500,400,1200,2500,3700,16.6
675,132,BRABCBACNPR4BR00,ABCB4,1622133443452898,16.58,16.57,16.56,16.6,16.61,16.62,300,500,400,1200,2400,3700,16.6
676,132,BRABCBACNPR4BR00,ABCB4,1622133443454142,16.58,16.57,16.56,16.59,16.6,16.61,300,500,400,100,1400,2000,16.6
677,132,BRABCBACNPR4BR00,ABCB4,1622133444620821,16.58,16.57,16.56,16.59,16.6,16.61,300,500,600,400,1100,1900,16.59
678,132,BRABCBACNPR4BR00,ABCB4,1622133444621634,16.58,16.57,16.56,16.59,16.6,16.61,300,500,600,200,1100,1900,16.59
679,132,BRABCBACNPR4BR00,ABCB4,1622133444622892,16.58,16.57,16.56,16.59,16.6,16.61,300,500,700,300,1100,1900,16.59
680,132,BRABCBACNPR4BR00,ABCB4,1622133457314860,16.58,16.57,16.56,16.6,16.61,16.62,800,800,700,1100,1800,2800,16.59
681,132,BRABCBACNPR4BR00,ABCB4,1622133457408374,16.58,16.57,16.56,16.6,16.61,16.62,800,800,700,1100,2000,2800,16.59
682,132,BRABCBACNPR4BR00,ABCB4,1622133457409580,16.58,16.57,16.56,16.59,16.6,16.61,800,800,700,100,1100,2000,16.59
683,132,BRABCBACNPR4BR00,ABCB4,1622133457459474,16.58,16.57,16.56,16.6,16.61,16.62,800,800,700,1100,2000,2800,16.59
684,132,BRABCBACNPR4BR00,ABCB4,1622133457505620,16.58,16.57,16.56,16.6,16.61,16.62,1000,800,700,1100,2000,2800,16.59
685,132,BRABCBACNPR4BR00,ABCB4,1622133457506848,16.58,16.57,16.56,16.59,16.6,16.61,1000,800,700,100,1100,2000,16.59
686,132,BRABCBACNPR4BR00,ABCB4,1622133458752543,16.58,16.57,16.56,16.6,16.61,16.62,1000,800,700,900,1800,2800,16.59
687,132,BRABCBACNPR4BR00,ABCB4,1622133458753434,16.59,16.58,16.57,16.6,16.61,16.62,200,1000,800,900,1800,2800,16.59
688,132,BRABCBACNPR4BR00,ABCB4,1622133458754626,16.59,16.58,16.57,16.6,16.61,16.62,200,1000,900,1000,1800,3400,16.59
689,132,BRABCBACNPR4BR00,ABCB4,1622133488851772,16.6,16.59,16.58,16.61,16.62,16.63,200,1500,300,800,2400,2900,16.6
690,132,BRABCBACNPR4BR00,ABCB4,1622133488851777,16.6,16.59,16.58,16.61,16.62,16.63,200,1500,300,800,2400,2900,16.6
691,132,BRABCBACNPR4BR00,ABCB4,1622133488852667,16.6,16.59,16.58,16.61,16.62,16.63,200,1500,300,1000,2400,2900,16.6
692,132,BRABCBACNPR4BR00,ABCB4,1622133488854063,16.6,16.59,16.58,16.61,16.62,16.63,200,1500,400,1100,2400,2900,16.6
693,132,BRABCBACNPR4BR00,ABCB4,1622133488854543,16.59,16.58,16.57,16.61,16.62,16.63,1500,400,400,1100,2400,2900,16.6
694,132,BRABCBACNPR4BR00,ABCB4,1622133488855899,16.59,16.58,16.57,16.6,16.61,16.62,1500,300,400,600,1000,2400,16.6
695,132,BRABCBACNPR4BR00,ABCB4,1622133506003895,16.58,16.57,16.56,16.6,16.61,16.62,900,700,1200,900,1500,2200,16.6
696,132,BRABCBACNPR4BR00,ABCB4,1622133506005266,16.58,16.57,16.56,16.59,16.6,16.61,900,400,1200,100,800,1500,16.6
697,132,BRABCBACNPR4BR00,ABCB4,1622133524066678,16.58,16.57,16.56,16.59,16.6,16.61,900,500,1200,100,1300,1700,16.59
698,132,BRABCBACNPR4BR00,ABCB4,1622133524067116,16.58,16.57,16.56,16.59,16.6,16.61,900,500,1200,100,1300,1600,16.59
699,132,BRABCBACNPR4BR00,ABCB4,1622133524068263,16.58,16.57,16.56,16.59,16.6,16.61,900,500,1200,200,1300,1600,16.59
700,132,BRABCBACNPR4BR00,ABCB4,1622133524752932,16.58,16.57,16.56,16.6,16.61,16.62,900,500,1200,1300,1600,2500,16.59
701,132,BRABCBACNPR4BR00,ABCB4,1622133524771105,16.59,16.58,16.57,16.6,16.61,16.62,200,900,500,1300,1600,2500,16.59
702,132,BRABCBACNPR4BR00,ABCB4,1622133524823823,16.59,16.58,16.57,16.6,16.61,16.62,200,900,500,1400,1000,3100,16.59
703,132,BRABCBACNPR4BR00,ABCB4,1622133567514480,16.59,16.58,16.57,16.6,16.61,16.62,800,200,200,700,1600,2800,16.6
704,132,BRABCBACNPR4BR00,ABCB4,1622133572133055,16.59,16.58,16.57,16.6,16.61,16.62,800,200,200,700,1600,2700,16.6
705,132,BRABCBACNPR4BR00,ABCB4,1622133572134416,16.59,16.58,16.57,16.6,16.61,16.62,800,200,200,800,1600,2700,16.6
706,132,BRABCBACNPR4BR00,ABCB4,1622133577338694,16.58,16.57,16.56,16.6,16.61,16.62,200,200,1200,1300,1100,2700,16.59
707,132,BRABCBACNPR4BR00,ABCB4,1622133577340360,16.57,16.56,16.55,16.59,16.6,16.61,500,700,2200,800,1300,1300,16.59
708,132,BRABCBACNPR4BR00,ABCB4,1622133577340638,16.57,16.56,16.55,16.59,16.6,16.61,500,700,2200,800,1400,1300,16.59
709,132,BRABCBACNPR4BR00,ABCB4,1622133577341788,16.57,16.56,16.55,16.58,16.59,16.6,500,700,2300,100,800,1300,16.59
710,132,BRABCBACNPR4BR00,ABCB4,1622133587087175,16.57,16.56,16.55,16.58,16.59,16.6,600,1100,600,100,400,1700,16.58
711,132,BRABCBACNPR4BR00,ABCB4,1622133587087785,16.57,16.56,16.55,16.58,16.59,16.6,600,1100,600,100,200,1700,16.58
712,132,BRABCBACNPR4BR00,ABCB4,1622133587088928,16.57,16.56,16.55,16.58,16.59,16.6,600,1100,600,200,200,1300,16.58
713,132,BRABCBACNPR4BR00,ABCB4,1622133587089053,16.57,16.56,16.55,16.58,16.59,16.6,600,1100,600,100,200,1300,16.58
714,132,BRABCBACNPR4BR00,ABCB4,1622133587089603,16.58,16.57,16.56,16.59,16.6,16.61,100,600,1100,200,1300,2300,16.58
715,132,BRABCBACNPR4BR00,ABCB4,1622133587089909,16.58,16.57,16.56,16.59,16.6,16.61,100,600,1100,200,1600,2300,16.58
716,132,BRABCBACNPR4BR00,ABCB4,1622133587091055,16.58,16.57,16.56,16.59,16.6,16.61,100,600,1100,300,1600,2300,16.58
717,132,BRABCBACNPR4BR00,ABCB4,1622133600535531,16.58,16.57,16.56,16.6,16.61,16.62,600,400,800,1100,2200,2900,16.59
718,132,BRABCBACNPR4BR00,ABCB4,1622133600536025,16.58,16.57,16.56,16.6,16.61,16.62,600,400,800,1100,1800,2900,16.59
719,132,BRABCBACNPR4BR00,ABCB4,1622133600537307,16.58,16.57,16.56,16.59,16.6,16.61,600,400,800,100,1400,1700,16.59
720,132,BRABCBACNPR4BR00,ABCB4,1622133601040017,16.58,16.57,16.56,16.6,16.61,16.62,600,400,800,1200,1700,2800,16.59
721,132,BRABCBACNPR4BR00,ABCB4,1622133601543439,16.58,16.57,16.56,16.6,16.61,16.62,600,400,800,1000,1700,2800,16.6
722,132,BRABCBACNPR4BR00,ABCB4,1622133601544761,16.58,16.57,16.56,16.59,16.6,16.61,600,400,800,100,1000,1700,16.6
723,132,BRABCBACNPR4BR00,ABCB4,1622133608524526,16.58,16.57,16.56,16.59,16.6,16.61,600,400,800,600,1000,1800,16.59
724,132,BRABCBACNPR4BR00,ABCB4,1622133610941259,16.58,16.57,16.56,16.59,16.6,16.61,600,400,800,700,1000,1700,16.59
725,132,BRABCBACNPR4BR00,ABCB4,1622133610942514,16.58,16.57,16.56,16.59,16.6,16.61,600,400,800,800,1000,1700,16.59
726,132,BRABCBACNPR4BR00,ABCB4,1622133633847711,16.57,16.56,16.55,16.59,16.6,16.61,900,700,600,800,1000,1700,16.59
727,132,BRABCBACNPR4BR00,ABCB4,1622133633849174,16.58,16.57,16.56,16.59,16.6,16.61,100,900,400,700,1000,1700,16.58
728,132,BRABCBACNPR4BR00,ABCB4,1622133633849361,16.58,16.57,16.56,16.59,16.6,16.61,100,900,400,700,1000,1700,16.58
729,132,BRABCBACNPR4BR00,ABCB4,1622133634220879,16.57,16.56,16.55,16.59,16.6,16.61,600,400,600,700,1000,1700,16.57
730,132,BRABCBACNPR4BR00,ABCB4,1622133634222257,16.57,16.56,16.55,16.58,16.59,16.6,800,400,600,100,700,1100,16.57
731,132,BRABCBACNPR4BR00,ABCB4,1622133660061351,16.57,16.56,16.55,16.58,16.59,16.6,1100,300,600,100,500,2200,16.58
732,132,BRABCBACNPR4BR00,ABCB4,1622133660061856,16.57,16.56,16.55,16.58,16.59,16.6,1100,300,600,100,500,1800,16.58
733,132,BRABCBACNPR4BR00,ABCB4,1622133660063153,16.57,16.56,16.55,16.59,16.6,16.61,1100,300,600,500,1700,1800,16.58
734,132,BRABCBACNPR4BR00,ABCB4,1622133660063311,16.57,16.56,16.55,16.59,16.6,16.61,1100,300,600,500,1700,1800,16.58
735,132,BRABCBACNPR4BR00,ABCB4,1622133660063473,16.57,16.56,16.55,16.59,16.6,16.61,1100,300,600,500,1100,1800,16.58
736,132,BRABCBACNPR4BR00,ABCB4,1622133660064916,16.57,16.56,16.55,16.58,16.59,16.6,1100,300,600,100,500,1100,16.58
737,132,BRABCBACNPR4BR00,ABCB4,1622133660567685,16.57,16.56,16.55,16.59,16.6,16.61,1100,300,600,500,1700,1900,16.58
738,132,BRABCBACNPR4BR00,ABCB4,1622133660922871,16.57,16.56,16.55,16.59,16.6,16.61,1100,300,600,500,1700,1900,16.58
739,132,BRABCBACNPR4BR00,ABCB4,1622133660924168,16.57,16.56,16.55,16.58,16.59,16.6,1100,300,600,100,500,1700,16.58
740,132,BRABCBACNPR4BR00,ABCB4,1622133661071333,16.57,16.56,16.55,16.59,16.6,16.61,800,300,600,500,1700,1900,16.58
741,132,BRABCBACNPR4BR00,ABCB4,1622133661574110,16.57,16.56,16.55,16.59,16.6,16.61,800,300,600,200,1700,1900,16.59
742,132,BRABCBACNPR4BR00,ABCB4,1622133661575362,16.58,16.57,16.56,16.59,16.6,16.61,200,800,300,300,1700,1900,16.59
743,132,BRABCBACNPR4BR00,ABCB4,1622133689548457,16.58,16.57,16.56,16.6,16.61,16.62,500,300,400,900,2400,3800,16.6
744,132,BRABCBACNPR4BR00,ABCB4,1622133689549109,16.58,16.57,16.56,16.6,16.61,16.62,500,300,400,900,2000,3800,16.6
745,132,BRABCBACNPR4BR00,ABCB4,1622133689550275,16.58,16.57,16.56,16.59,16.6,16.61,500,300,400,100,900,2000,16.6
746,132,BRABCBACNPR4BR00,ABCB4,1622133691585238,16.58,16.57,16.56,16.59,16.6,16.61,500,300,700,400,1400,2100,16.59
747,132,BRABCBACNPR4BR00,ABCB4,1622133700431655,16.58,16.57,16.56,16.59,16.6,16.61,500,600,700,400,1400,2100,16.59
748,132,BRABCBACNPR4BR00,ABCB4,1622133700432957,16.58,16.57,16.56,16.59,16.6,16.61,500,600,700,500,1400,2100,16.59
749,132,BRABCBACNPR4BR00,ABCB4,1622133724536090,16.58,16.57,16.56,16.6,16.61,16.62,1200,300,400,1400,2100,2700,16.59
750,132,BRABCBACNPR4BR00,ABCB4,1622133724536651,16.58,16.57,16.56,16.6,16.61,16.62,1200,300,400,1400,2000,2700,16.59
751,132,BRABCBACNPR4BR00,ABCB4,1622133724537847,16.58,16.57,16.56,16.59,16.6,16.61,1200,300,400,100,1400,2000,16.59
752,132,BRABCBACNPR4BR00,ABCB4,1622133725041257,16.58,16.57,16.56,16.6,16.61,16.62,1200,300,700,1400,2000,2800,16.59
753,132,BRABCBACNPR4BR00,ABCB4,1622133725544533,16.58,16.57,16.56,16.6,16.61,16.62,1200,300,700,1100,2000,2800,16.6
754,132,BRABCBACNPR4BR00,ABCB4,1622133725545864,16.58,16.57,16.56,16.6,16.61,16.62,1200,300,700,1200,1700,2800,16.6
755,132,BRABCBACNPR4BR00,ABCB4,1622133758050130,16.58,16.57,16.56,16.59,16.6,16.61,500,300,1200,100,1000,1600,16.6
756,132,BRABCBACNPR4BR00,ABCB4,1622133758051531,16.58,16.57,16.56,16.59,16.6,16.61,500,300,1200,200,700,1700,16.6
757,132,BRABCBACNPR4BR00,ABCB4,1622133777924423,16.59,16.58,16.57,16.6,16.61,16.62,200,1200,300,1000,1100,2700,16.59
758,132,BRABCBACNPR4BR00,ABCB4,1622133777924649,16.59,16.58,16.57,16.6,16.61,16.62,200,1200,300,1000,1100,2700,16.59
759,132,BRABCBACNPR4BR00,ABCB4,1622133777925213,16.59,16.58,16.57,16.6,16.61,16.62,200,1200,300,900,1100,2700,16.59
760,132,BRABCBACNPR4BR00,ABCB4,1622133777926454,16.59,16.58,16.57,16.6,16.61,16.62,200,1200,400,1000,1100,2700,16.59
761,132,BRABCBACNPR4BR00,ABCB4,1622133797352978,16.59,16.58,16.57,16.6,16.61,16.62,200,1000,300,400,1100,2400,16.6
762,132,BRABCBACNPR4BR00,ABCB4,1622133797353559,16.59,16.58,16.57,16.6,16.61,16.62,200,1000,300,400,1100,2300,16.6
763,132,BRABCBACNPR4BR00,ABCB4,1622133797354819,16.59,16.58,16.57,16.6,16.61,16.62,200,1000,400,700,1100,2300,16.6
764,132,BRABCBACNPR4BR00,ABCB4,1622133821208434,16.58,16.57,16.56,16.6,16.61,16.62,700,400,1100,1100,1100,2400,16.59
765,132,BRABCBACNPR4BR00,ABCB4,1622133821211861,16.58,16.57,16.56,16.59,16.6,16.61,500,300,1100,600,1300,1100,16.59
766,132,BRABCBACNPR4BR00,ABCB4,1622133824263134,16.57,16.56,16.55,16.59,16.6,16.61,700,1100,2300,900,1100,1200,16.58
767,132,BRABCBACNPR4BR00,ABCB4,1622133824264432,16.57,16.56,16.55,16.58,16.59,16.6,700,400,2300,100,800,1100,16.58
768,132,BRABCBACNPR4BR00,ABCB4,1622133827844481,16.57,16.56,16.55,16.59,16.6,16.61,1100,400,600,300,1600,2100,16.58
769,132,BRABCBACNPR4BR00,ABCB4,1622133827844759,16.57,16.56,16.55,16.59,16.6,16.61,1100,400,600,300,1600,2100,16.58
770,132,BRABCBACNPR4BR00,ABCB4,1622133827849878,16.57,16.56,16.55,16.59,16.6,16.61,1100,400,600,300,1200,2100,16.58
771,132,BRABCBACNPR4BR00,ABCB4,1622133827851127,16.58,16.57,16.56,16.59,16.6,16.61,200,1500,400,100,1100,2200,16.58
772,132,BRABCBACNPR4BR00,ABCB4,1622133827854085,16.58,16.57,16.56,16.6,16.61,16.62,200,1100,500,1300,1700,2100,16.59
773,132,BRABCBACNPR4BR00,ABCB4,1622133827858481,16.58,16.57,16.56,16.6,16.61,16.62,200,1100,500,1300,1700,2100,16.59
774,132,BRABCBACNPR4BR00,ABCB4,1622133827859566,16.58,16.57,16.56,16.59,16.6,16.61,200,1100,500,100,1300,1700,16.59
775,132,BRABCBACNPR4BR00,ABCB4,1622133842536004,16.58,16.57,16.56,16.6,16.61,16.62,700,300,500,1100,1700,2200,16.59
776,132,BRABCBACNPR4BR00,ABCB4,1622133842536423,16.58,16.57,16.56,16.6,16.61,16.62,700,300,500,1000,1700,2200,16.59
777,132,BRABCBACNPR4BR00,ABCB4,1622133842537674,16.58,16.57,16.56,16.59,16.6,16.61,700,300,500,100,900,1700,16.59
778,132,BRABCBACNPR4BR00,ABCB4,1622133843039379,16.58,16.57,16.56,16.6,16.61,16.62,700,300,500,900,1700,2200,16.59
779,132,BRABCBACNPR4BR00,ABCB4,1622133843040233,16.58,16.57,16.56,16.6,16.61,16.62,700,300,800,900,1700,2200,16.59
780,132,BRABCBACNPR4BR00,ABCB4,1622133843041412,16.58,16.57,16.56,16.59,16.6,16.61,700,300,800,100,900,1700,16.59
781,132,BRABCBACNPR4BR00,ABCB4,1622133843542884,16.58,16.57,16.56,16.6,16.61,16.62,700,300,800,1000,1700,2200,16.59
782,132,BRABCBACNPR4BR00,ABCB4,1622133843543272,16.58,16.57,16.56,16.6,16.61,16.62,700,300,800,900,1700,2200,16.59
783,132,BRABCBACNPR4BR00,ABCB4,1622133843544587,16.58,16.57,16.56,16.59,16.6,16.61,700,300,800,100,900,1700,16.59
784,132,BRABCBACNPR4BR00,ABCB4,1622133843568767,16.59,16.58,16.57,16.6,16.61,16.62,300,300,300,900,1700,2200,16.59
785,132,BRABCBACNPR4BR00,ABCB4,1622133843568960,16.59,16.58,16.57,16.6,16.61,16.62,300,300,300,900,1700,2200,16.59
786,132,BRABCBACNPR4BR00,ABCB4,1622133843569912,16.59,16.58,16.57,16.6,16.61,16.62,300,300,300,900,1700,2800,16.59
787,132,BRABCBACNPR4BR00,ABCB4,1622133843571046,16.59,16.58,16.57,16.6,16.61,16.62,300,300,300,1000,1100,2800,16.59
788,132,BRABCBACNPR4BR00,ABCB4,1622133880994364,16.59,16.58,16.57,16.6,16.61,16.62,200,600,16300,1200,1100,2800,16.6
789,132,BRABCBACNPR4BR00,ABCB4,1622133880995893,16.59,16.58,16.57,16.6,16.61,16.62,300,600,16400,900,1100,2300,16.59
790,132,BRABCBACNPR4BR00,ABCB4,1622133880996074,16.59,16.58,16.57,16.6,16.61,16.62,300,600,16400,900,1100,2300,16.59
791,132,BRABCBACNPR4BR00,ABCB4,1622133881968163,16.59,16.58,16.57,16.6,16.61,16.62,300,600,16400,900,1100,2300,16.59
792,132,BRABCBACNPR4BR00,ABCB4,1622133881969594,16.59,16.58,16.57,16.6,16.61,16.62,200,600,16400,900,1100,2300,16.59
793,132,BRABCBACNPR4BR00,ABCB4,1622133881969752,16.59,16.58,16.57,16.6,16.61,16.62,200,600,16400,900,1100,2300,16.59
794,132,BRABCBACNPR4BR00,ABCB4,1622133881971115,16.59,16.58,16.57,16.6,16.61,16.62,200,600,16400,800,1100,2300,16.6
795,132,BRABCBACNPR4BR00,ABCB4,1622133881972278,16.59,16.58,16.57,16.6,16.61,16.62,100,600,16400,800,1100,2300,16.59
796,132,BRABCBACNPR4BR00,ABCB4,1622133881972477,16.59,16.58,16.57,16.6,16.61,16.62,100,600,16400,800,1100,2300,16.59
797,132,BRABCBACNPR4BR00,ABCB4,1622133881997840,16.59,16.58,16.57,16.6,16.61,16.62,700,600,16400,800,1100,2300,16.59
798,132,BRABCBACNPR4BR00,ABCB4,1622133881999168,16.59,16.58,16.57,16.6,16.61,16.62,700,600,16400,900,1100,2300,16.59
799,132,BRABCBACNPR4BR00,ABCB4,1622133900947243,16.6,16.59,16.58,16.61,16.62,16.63,200,1200,200,900,2300,1800,16.6
800,132,BRABCBACNPR4BR00,ABCB4,1622133900947877,16.6,16.59,16.58,16.61,16.62,16.63,200,1200,200,800,2300,1800,16.6
801,132,BRABCBACNPR4BR00,ABCB4,1622133900949312,16.6,16.59,16.58,16.61,16.62,16.63,100,1200,300,800,1600,2300,16.6
802,132,BRABCBACNPR4BR00,ABCB4,1622133900949458,16.6,16.59,16.58,16.61,16.62,16.63,100,1200,300,800,1600,2300,16.6
803,132,BRABCBACNPR4BR00,ABCB4,1622133900951154,16.59,16.58,16.57,16.6,16.61,16.62,1200,300,16300,400,800,1600,16.6
804,132,BRABCBACNPR4BR00,ABCB4,1622133900952419,16.59,16.58,16.57,16.6,16.61,16.62,1200,200,16300,500,800,1600,16.6
805,132,BRABCBACNPR4BR00,ABCB4,1622133921629178,16.59,16.58,16.57,16.6,16.61,16.62,600,200,16300,100,1400,2000,16.6
806,132,BRABCBACNPR4BR00,ABCB4,1622133921629603,16.59,16.58,16.57,16.6,16.61,16.62,600,200,16300,100,1400,1900,16.6
807,132,BRABCBACNPR4BR00,ABCB4,1622133921630804,16.59,16.58,16.57,16.6,16.61,16.62,600,200,16300,200,1400,1900,16.6
808,132,BRABCBACNPR4BR00,ABCB4,1622133926667554,16.58,16.57,16.56,16.6,16.61,16.62,200,500,800,900,1400,2000,16.59
809,132,BRABCBACNPR4BR00,ABCB4,1622133926669079,16.58,16.57,16.56,16.59,16.6,16.61,200,200,1100,400,900,1500,16.59
810,132,BRABCBACNPR4BR00,ABCB4,1622133926669616,16.58,16.57,16.56,16.59,16.6,16.61,200,200,1100,600,900,1500,16.59
811,132,BRABCBACNPR4BR00,ABCB4,1622133926670961,16.58,16.57,16.56,16.59,16.6,16.61,100,500,1100,500,1000,1500,16.58
812,132,BRABCBACNPR4BR00,ABCB4,1622133926671168,16.58,16.57,16.56,16.59,16.6,16.61,100,500,1100,500,1000,1500,16.58
813,132,BRABCBACNPR4BR00,ABCB4,1622133926671333,16.58,16.57,16.56,16.59,16.6,16.61,100,500,1100,600,900,1500,16.58
814,132,BRABCBACNPR4BR00,ABCB4,1622133926672445,16.57,16.56,16.55,16.58,16.59,16.6,500,1100,17900,500,600,900,16.58
815,132,BRABCBACNPR4BR00,ABCB4,1622133926673443,16.57,16.56,16.55,16.58,16.59,16.6,200,700,17200,500,300,1000,16.58
816,132,BRABCBACNPR4BR00,ABCB4,1622133926674820,16.57,16.56,16.55,16.58,16.59,16.6,100,700,17200,400,300,1000,16.57
817,132,BRABCBACNPR4BR00,ABCB4,1622133926675006,16.57,16.56,16.55,16.58,16.59,16.6,100,700,17200,400,300,1000,16.57
818,132,BRABCBACNPR4BR00,ABCB4,1622133926675386,16.57,16.56,16.55,16.58,16.59,16.6,100,600,17200,400,300,1000,16.57
819,132,BRABCBACNPR4BR00,ABCB4,1622133926676634,16.56,16.55,16.54,16.58,16.59,16.6,600,17200,1900,400,300,1000,16.57
820,132,BRABCBACNPR4BR00,ABCB4,1622133926676807,16.56,16.55,16.54,16.58,16.59,16.6,600,17200,1900,400,300,1000,16.57
821,132,BRABCBACNPR4BR00,ABCB4,1622133926677426,16.56,16.55,16.54,16.58,16.59,16.6,600,17200,1900,400,300,1000,16.57
822,132,BRABCBACNPR4BR00,ABCB4,1622133926678804,16.57,16.56,16.55,16.58,16.59,16.6,100,600,17200,400,300,1300,16.57
823,132,BRABCBACNPR4BR00,ABCB4,1622133926678954,16.57,16.56,16.55,16.58,16.59,16.6,100,600,17200,400,400,1300,16.57
824,132,BRABCBACNPR4BR00,ABCB4,1622133926679603,16.57,16.56,16.55,16.59,16.6,16.61,100,600,17200,400,1300,1700,16.58
825,132,BRABCBACNPR4BR00,ABCB4,1622133926680834,16.58,16.57,16.56,16.59,16.6,16.61,100,100,600,700,1200,1700,16.58
826,132,BRABCBACNPR4BR00,ABCB4,1622133926680983,16.58,16.57,16.56,16.59,16.6,16.61,100,100,600,700,1200,1700,16.58
827,132,BRABCBACNPR4BR00,ABCB4,1622133926681727,16.58,16.57,16.56,16.59,16.6,16.61,100,100,600,700,1300,1700,16.58
828,132,BRABCBACNPR4BR00,ABCB4,1622133926682933,16.57,16.56,16.55,16.59,16.6,16.61,100,600,17200,900,1300,1700,16.58
829,132,BRABCBACNPR4BR00,ABCB4,1622133926683050,16.57,16.56,16.55,16.59,16.6,16.61,100,600,17200,900,1300,1700,16.58
830,132,BRABCBACNPR4BR00,ABCB4,1622133926683466,16.57,16.56,16.55,16.59,16.6,16.61,100,600,17200,800,1300,1700,16.58
831,132,BRABCBACNPR4BR00,ABCB4,1622133926685514,16.58,16.57,16.56,16.59,16.6,16.61,100,100,600,800,1300,1700,16.58
832,132,BRABCBACNPR4BR00,ABCB4,1622133926685664,16.58,16.57,16.56,16.59,16.6,16.61,100,100,600,800,1300,1700,16.58
833,132,BRABCBACNPR4BR00,ABCB4,1622133926687773,16.58,16.57,16.56,16.59,16.6,16.61,100,600,600,800,1300,1700,16.58
834,132,BRABCBACNPR4BR00,ABCB4,1622133926688925,16.57,16.56,16.55,16.59,16.6,16.61,600,600,17200,800,1300,1700,16.58
835,132,BRABCBACNPR4BR00,ABCB4,1622133926689067,16.57,16.56,16.55,16.59,16.6,16.61,600,600,17200,800,1300,1700,16.58
836,132,BRABCBACNPR4BR00,ABCB4,1622133926689442,16.57,16.56,16.55,16.59,16.6,16.61,600,300,17200,800,1300,1700,16.58
837,132,BRABCBACNPR4BR00,ABCB4,1622133926690690,16.58,16.57,16.56,16.59,16.6,16.61,100,600,300,800,1300,1700,16.58
838,132,BRABCBACNPR4BR00,ABCB4,1622133926690906,16.58,16.57,16.56,16.59,16.6,16.61,100,600,300,800,1300,1700,16.58
839,132,BRABCBACNPR4BR00,ABCB4,1622133926691410,16.58,16.57,16.56,16.59,16.6,16.61,100,600,600,800,1300,1700,16.58
840,132,BRABCBACNPR4BR00,ABCB4,1622133926692683,16.57,16.56,16.55,16.59,16.6,16.61,600,600,17200,800,1300,1700,16.58
841,132,BRABCBACNPR4BR00,ABCB4,1622133926692822,16.57,16.56,16.55,16.59,16.6,16.61,600,600,17200,800,1300,1700,16.58
842,132,BRABCBACNPR4BR00,ABCB4,1622133926693724,16.58,16.57,16.56,16.59,16.6,16.61,200,600,600,800,1300,1700,16.58
843,132,BRABCBACNPR4BR00,ABCB4,1622133926694946,16.58,16.57,16.56,16.59,16.6,16.61,100,600,600,800,1300,1700,16.58
844,132,BRABCBACNPR4BR00,ABCB4,1622133926695152,16.58,16.57,16.56,16.59,16.6,16.61,100,600,600,800,1300,1700,16.58
845,132,BRABCBACNPR4BR00,ABCB4,1622133926765226,16.58,16.57,16.56,16.59,16.6,16.61,100,600,600,800,1300,1700,16.58
846,132,BRABCBACNPR4BR00,ABCB4,1622133926766714,16.57,16.56,16.55,16.59,16.6,16.61,600,600,17200,600,900,1700,16.58
847,132,BRABCBACNPR4BR00,ABCB4,1622133926766880,16.57,16.56,16.55,16.59,16.6,16.61,600,600,17200,600,900,1700,16.58
848,132,BRABCBACNPR4BR00,ABCB4,1622133926767262,16.57,16.56,16.55,16.59,16.6,16.61,600,300,17200,600,900,1700,16.58
849,132,BRABCBACNPR4BR00,ABCB4,1622133926769054,16.58,16.57,16.56,16.59,16.6,16.61,100,600,600,100,900,1700,16.58
850,132,BRABCBACNPR4BR00,ABCB4,1622133926769241,16.58,16.57,16.56,16.59,16.6,16.61,100,600,600,100,900,1700,16.58
851,132,BRABCBACNPR4BR00,ABCB4,1622133926797534,16.56,16.55,16.54,16.59,16.6,16.61,300,17200,2000,100,900,1700,16.56
852,132,BRABCBACNPR4BR00,ABCB4,1622133926798923,16.57,16.56,16.55,16.58,16.59,16.6,200,300,17200,100,600,1200,16.56
853,132,BRABCBACNPR4BR00,ABCB4,1622133927171715,16.58,16.57,16.56,16.59,16.6,16.61,200,400,3700,400,1200,2100,16.58
854,132,BRABCBACNPR4BR00,ABCB4,1622133927172332,16.58,16.57,16.56,16.59,16.6,16.61,200,400,3700,400,1100,2100,16.58
855,132,BRABCBACNPR4BR00,ABCB4,1622133927173606,16.58,16.57,16.56,16.59,16.6,16.61,100,400,3700,400,800,2100,16.58
856,132,BRABCBACNPR4BR00,ABCB4,1622133927173800,16.58,16.57,16.56,16.59,16.6,16.61,100,400,3700,400,800,2100,16.58
857,132,BRABCBACNPR4BR00,ABCB4,1622133927174326,16.58,16.57,16.56,16.59,16.6,16.61,100,400,3700,400,800,2200,16.58
