,MappingNumber,EsteeID,Ticker, CurrTimeInMicroSeconds, BP1, BP2, BP3, AP1, AP2, AP3, BQ1, BQ2, BQ3, AQ1, AQ2, AQ3, LTP
0,129,BRAALRACNOR6BR00,AALR3,1620059740436573,8.89,8.88,8.87,8.9,8.92,8.93,1300,10000,1000,1700,1200,1200,8.89
1,129,BRAALRACNOR6BR00,AALR3,1620059740436594,8.89,8.88,8.87,8.9,8.92,8.93,1300,10000,1000,1700,1200,1200,8.89
2,129,BRAALRACNOR6BR00,AALR3,1620059747227300,8.89,8.88,8.87,8.9,8.91,8.92,1300,10000,1000,1700,600,1200,8.89
3,129,BRAALRACNOR6BR00,AALR3,1620059747227330,8.89,8.88,8.87,8.9,8.91,8.92,1300,10000,1000,1700,600,1200,8.89
4,129,BRAALRACNOR6BR00,AALR3,1620059759278050,8.89,8.88,8.87,8.9,8.91,8.92,1300,10000,1000,2200,600,1200,8.89
5,129,BRAALRACNOR6BR00,AALR3,1620059759281009,8.89,8.88,8.87,8.9,8.91,8.92,900,10000,1000,2300,600,1200,8.89
6,129,BRAALRACNOR6BR00,AALR3,1620059769461602,8.88,8.87,8.86,8.89,8.9,8.91,10000,1000,900,300,2700,700,8.89
7,129,BRAALRACNOR6BR00,AALR3,1620059769462864,8.88,8.87,8.86,8.89,8.9,8.91,10000,1000,900,400,2200,700,8.89
8,129,BRAALRACNOR6BR00,AALR3,1620059771788599,8.87,8.86,8.85,8.88,8.89,8.9,1000,900,2800,1600,200,600,8.88
9,129,BRAALRACNOR6BR00,AALR3,1620059771790124,8.87,8.86,8.85,8.88,8.89,8.9,400,900,2800,2500,700,900,8.88
10,129,BRAALRACNOR6BR00,AALR3,1620059771991116,8.85,8.84,8.83,8.87,8.88,8.89,2600,1800,1100,600,2800,800,8.85
11,129,BRAALRACNOR6BR00,AALR3,1620059771992444,8.85,8.84,8.83,8.87,8.88,8.89,2600,1800,1100,1500,2300,700,8.85
12,129,BRAALRACNOR6BR00,AALR3,1620059781559104,8.85,8.84,8.83,8.86,8.87,8.88,1300,1800,1100,100,1800,2700,8.85
13,129,BRAALRACNOR6BR00,AALR3,1620059781560660,8.85,8.84,8.83,8.86,8.87,8.88,1300,1800,1100,500,1700,3200,8.85
14,129,BRAALRACNOR6BR00,AALR3,1620059790408196,8.85,8.84,8.83,8.87,8.88,8.89,1300,1800,1100,1700,3300,700,8.86
15,129,BRAALRACNOR6BR00,AALR3,1620059790408385,8.85,8.84,8.83,8.87,8.88,8.89,1300,1800,1100,1700,3300,700,8.86
16,129,BRAALRACNOR6BR00,AALR3,1620059790409200,8.85,8.84,8.83,8.87,8.88,8.89,1300,1800,1100,1700,3200,700,8.86
17,129,BRAALRACNOR6BR00,AALR3,1620059790410550,8.85,8.84,8.83,8.87,8.88,8.89,1600,1800,1100,1800,3200,700,8.86
18,129,BRAALRACNOR6BR00,AALR3,1620059959110783,8.86,8.85,8.84,8.88,8.89,8.9,3000,1600,1700,2400,700,700,8.87
19,129,BRAALRACNOR6BR00,AALR3,1620059959111291,8.86,8.85,8.84,8.88,8.89,8.9,3000,1600,1700,1900,700,700,8.87
20,129,BRAALRACNOR6BR00,AALR3,1620059959112554,8.87,8.86,8.85,8.88,8.89,8.9,400,4500,1900,1900,700,700,8.87
21,129,BRAALRACNOR6BR00,AALR3,1620059959112600,8.87,8.86,8.85,8.88,8.89,8.9,400,4500,1900,1900,700,1200,8.87
22,129,BRAALRACNOR6BR00,AALR3,1620059959112731,8.87,8.86,8.85,8.88,8.89,8.9,700,4500,1900,1900,700,1200,8.87
23,129,BRAALRACNOR6BR00,AALR3,1620059959112781,8.87,8.86,8.85,8.88,8.89,8.9,700,4500,1900,1900,600,1200,8.87
24,129,BRAALRACNOR6BR00,AALR3,1620059959113934,8.87,8.86,8.85,8.88,8.89,8.9,700,4500,1900,2000,600,1200,8.87
25,129,BRAALRACNOR6BR00,AALR3,1620059959118175,8.86,8.85,8.84,8.87,8.88,8.89,3500,1900,1700,100,2300,600,8.87
26,129,BRAALRACNOR6BR00,AALR3,1620059959119338,8.86,8.85,8.84,8.87,8.88,8.89,3500,1900,1700,200,2500,600,8.87
27,129,BRAALRACNOR6BR00,AALR3,1620059959122901,8.86,8.85,8.84,8.87,8.88,8.89,3400,1900,1700,100,2500,600,8.86
28,129,BRAALRACNOR6BR00,AALR3,1620059959124015,8.86,8.85,8.84,8.88,8.89,8.9,3600,1900,1700,2600,600,1200,8.86
29,129,BRAALRACNOR6BR00,AALR3,1620060003146485,8.86,8.85,8.84,8.88,8.89,8.9,4400,1900,1700,1800,600,1200,8.88
30,129,BRAALRACNOR6BR00,AALR3,1620060003147641,8.86,8.85,8.84,8.87,8.88,8.89,4200,1900,1700,100,1700,600,8.88
31,129,BRAALRACNOR6BR00,AALR3,1620060019683308,8.86,8.85,8.84,8.88,8.89,8.9,2700,1300,1700,1300,600,1100,8.88
32,129,BRAALRACNOR6BR00,AALR3,1620060019683989,8.86,8.85,8.84,8.88,8.89,8.9,2700,1300,1700,700,600,1100,8.88
33,129,BRAALRACNOR6BR00,AALR3,1620060019685201,8.87,8.86,8.85,8.88,8.89,8.9,500,3500,1300,800,600,1100,8.88
34,129,BRAALRACNOR6BR00,AALR3,1620060019690607,8.86,8.85,8.84,8.87,8.88,8.89,3700,1300,1700,100,800,600,8.87
35,129,BRAALRACNOR6BR00,AALR3,1620060019692046,8.87,8.86,8.85,8.88,8.89,8.9,500,2700,1900,700,600,1100,8.87
36,129,BRAALRACNOR6BR00,AALR3,1620060019692244,8.87,8.86,8.85,8.88,8.89,8.9,500,2700,1900,700,600,1100,8.87
37,129,BRAALRACNOR6BR00,AALR3,1620060019692714,8.87,8.86,8.85,8.88,8.89,8.9,500,2700,1900,700,600,1100,8.87
38,129,BRAALRACNOR6BR00,AALR3,1620060019693812,8.87,8.86,8.85,8.88,8.89,8.9,500,3300,1900,800,600,1100,8.87
39,129,BRAALRACNOR6BR00,AALR3,1620060019698601,8.86,8.85,8.84,8.87,8.88,8.89,4100,1900,1700,100,1100,600,8.87
40,129,BRAALRACNOR6BR00,AALR3,1620060019699806,8.86,8.85,8.84,8.87,8.88,8.89,4100,1900,1700,100,1300,1100,8.87
41,129,BRAALRACNOR6BR00,AALR3,1620060019699973,8.87,8.86,8.85,8.88,8.89,8.9,200,4100,1900,1300,1100,1100,8.87
42,129,BRAALRACNOR6BR00,AALR3,1620060019700121,8.87,8.86,8.85,8.88,8.89,8.9,200,4100,1900,1300,1100,1100,8.87
43,129,BRAALRACNOR6BR00,AALR3,1620060019700210,8.86,8.85,8.84,8.88,8.89,8.9,4100,1900,1700,1300,1100,1100,8.87
44,129,BRAALRACNOR6BR00,AALR3,1620060019701552,8.86,8.85,8.84,8.88,8.89,8.9,4400,1900,1700,1400,1100,1100,8.87
45,129,BRAALRACNOR6BR00,AALR3,1620060108335757,8.87,8.86,8.85,8.88,8.89,8.9,1400,3600,1900,700,600,1100,8.87
46,129,BRAALRACNOR6BR00,AALR3,1620060187815465,8.87,8.86,8.85,8.88,8.89,8.9,2200,3600,1900,100,600,1100,8.87
47,129,BRAALRACNOR6BR00,AALR3,1620060187816833,8.87,8.86,8.85,8.88,8.89,8.9,1900,3600,1900,200,600,1100,8.87
48,129,BRAALRACNOR6BR00,AALR3,1620060306154035,8.87,8.86,8.85,8.88,8.89,8.9,1500,3700,1800,2000,600,1100,8.88
49,129,BRAALRACNOR6BR00,AALR3,1620060306154734,8.87,8.86,8.85,8.88,8.89,8.9,1500,3700,1800,2300,600,1100,8.88
50,129,BRAALRACNOR6BR00,AALR3,1620060306155862,8.87,8.86,8.85,8.88,8.89,8.9,1500,3700,1800,2300,600,1100,8.88
51,129,BRAALRACNOR6BR00,AALR3,1620060306171289,8.86,8.85,8.84,8.88,8.89,8.9,3100,1800,2200,2500,600,1100,8.87
52,129,BRAALRACNOR6BR00,AALR3,1620060306172550,8.86,8.85,8.84,8.87,8.88,8.89,3100,1800,2200,400,2700,600,8.87
53,129,BRAALRACNOR6BR00,AALR3,1620060306657172,8.86,8.85,8.84,8.88,8.89,8.9,3700,1800,2200,3000,900,1100,8.87
54,129,BRAALRACNOR6BR00,AALR3,1620060306657863,8.86,8.85,8.84,8.88,8.89,8.9,4000,1800,2200,3000,900,1100,8.87
55,129,BRAALRACNOR6BR00,AALR3,1620060306659033,8.86,8.85,8.84,8.87,8.88,8.89,4000,1800,2200,100,3000,900,8.87
56,129,BRAALRACNOR6BR00,AALR3,1620060348176283,8.86,8.85,8.84,8.87,8.88,8.89,3100,1200,2200,1700,3000,900,8.87
57,132,BRABCBACNPR4BR00,ABCB4,1620059734725364,14.94,14.93,14.92,14.95,14.96,14.97,1100,1300,2600,1700,1200,1200,14.94
58,132,BRABCBACNPR4BR00,ABCB4,1620059734725381,14.94,14.93,14.92,14.95,14.96,14.97,1100,1300,2600,1700,1200,1200,14.94
59,132,BRABCBACNPR4BR00,ABCB4,1620059734726116,14.94,14.93,14.92,14.95,14.96,14.97,900,1300,2600,1700,1200,1200,14.94
60,132,BRABCBACNPR4BR00,ABCB4,1620059734726134,14.94,14.93,14.92,14.95,14.96,14.97,900,1300,2600,1700,1200,1200,14.94
61,132,BRABCBACNPR4BR00,ABCB4,1620059734726909,14.94,14.93,14.92,14.95,14.96,14.97,1100,1300,2600,1700,1200,1200,14.94
62,132,BRABCBACNPR4BR00,ABCB4,1620059734726927,14.94,14.93,14.92,14.95,14.96,14.97,1100,1300,2600,1700,1200,1200,14.94
63,132,BRABCBACNPR4BR00,ABCB4,1620059734728879,14.94,14.93,14.92,14.95,14.96,14.97,700,1300,2600,1700,1200,1200,14.94
64,132,BRABCBACNPR4BR00,ABCB4,1620059734728897,14.94,14.93,14.92,14.95,14.96,14.97,700,1300,2600,1700,1200,1200,14.94
65,132,BRABCBACNPR4BR00,ABCB4,1620059735757437,14.94,14.93,14.92,14.95,14.96,14.97,700,1300,2600,2000,1200,1200,14.94
66,132,BRABCBACNPR4BR00,ABCB4,1620059735757462,14.94,14.93,14.92,14.95,14.96,14.97,700,1300,2600,2000,1200,1200,14.94
67,132,BRABCBACNPR4BR00,ABCB4,1620059741049647,14.94,14.93,14.92,14.95,14.96,14.97,600,1300,2600,1900,1200,1200,14.94
68,132,BRABCBACNPR4BR00,ABCB4,1620059741050933,14.94,14.93,14.92,14.95,14.96,14.97,600,1300,2600,2000,1200,1200,14.94
69,132,BRABCBACNPR4BR00,ABCB4,1620059741055279,14.93,14.92,14.91,14.94,14.95,14.96,800,2100,2400,100,1600,1200,14.94
70,132,BRABCBACNPR4BR00,ABCB4,1620059741056573,14.93,14.92,14.91,14.94,14.95,14.96,200,1500,3000,300,1200,1700,14.94
71,132,BRABCBACNPR4BR00,ABCB4,1620059741057311,14.92,14.91,14.9,14.93,14.94,14.95,1500,3000,2700,100,300,900,14.93
72,132,BRABCBACNPR4BR00,ABCB4,1620059741058758,14.93,14.92,14.91,14.94,14.95,14.96,100,900,2100,700,900,2000,14.93
73,132,BRABCBACNPR4BR00,ABCB4,1620059741058782,14.93,14.92,14.91,14.94,14.95,14.96,100,900,2100,700,1200,2000,14.93
74,132,BRABCBACNPR4BR00,ABCB4,1620059741058940,14.92,14.91,14.9,14.93,14.94,14.95,900,2100,2400,100,700,1200,14.93
75,132,BRABCBACNPR4BR00,ABCB4,1620059741059042,14.93,14.92,14.91,14.94,14.95,14.96,100,900,2100,700,1200,2000,14.93
76,132,BRABCBACNPR4BR00,ABCB4,1620059741060291,14.93,14.92,14.91,14.94,14.95,14.96,200,800,2100,1100,1500,1200,14.93
77,132,BRABCBACNPR4BR00,ABCB4,1620059741111369,14.93,14.92,14.91,14.95,14.96,14.97,500,1200,2100,900,1700,1600,14.94
78,132,BRABCBACNPR4BR00,ABCB4,1620059741111589,14.93,14.92,14.91,14.95,14.96,14.97,500,1200,2100,900,1700,1600,14.94
79,132,BRABCBACNPR4BR00,ABCB4,1620059741111802,14.93,14.92,14.91,14.95,14.96,14.97,500,1200,2100,600,1700,1600,14.94
80,132,BRABCBACNPR4BR00,ABCB4,1620059741113274,14.93,14.92,14.91,14.95,14.96,14.97,500,1200,2100,700,1700,1600,14.94
81,132,BRABCBACNPR4BR00,ABCB4,1620059741189340,14.93,14.92,14.91,14.94,14.95,14.96,500,1200,2100,200,700,1700,14.93
82,132,BRABCBACNPR4BR00,ABCB4,1620059741189362,14.93,14.92,14.91,14.94,14.95,14.96,500,1200,2100,200,700,1700,14.93
83,132,BRABCBACNPR4BR00,ABCB4,1620059780913056,14.92,14.91,14.9,14.93,14.94,14.95,1400,2600,2400,800,800,1000,14.93
84,132,BRABCBACNPR4BR00,ABCB4,1620059780914346,14.92,14.91,14.9,14.93,14.94,14.95,1400,1500,2400,900,1100,1700,14.93
85,132,BRABCBACNPR4BR00,ABCB4,1620059822785023,14.92,14.91,14.9,14.94,14.95,14.96,1500,1000,3500,1000,1700,3000,14.93
86,132,BRABCBACNPR4BR00,ABCB4,1620059822785287,14.93,14.92,14.91,14.94,14.95,14.96,200,1500,1000,1000,1700,3000,14.93
87,132,BRABCBACNPR4BR00,ABCB4,1620059822785765,14.93,14.92,14.91,14.94,14.95,14.96,200,1500,1000,700,1700,3000,14.93
88,132,BRABCBACNPR4BR00,ABCB4,1620059822788128,14.93,14.92,14.91,14.94,14.95,14.96,900,1900,1500,300,1100,2300,14.93
89,132,BRABCBACNPR4BR00,ABCB4,1620059825570291,14.93,14.92,14.91,14.95,14.96,14.97,1900,3300,1000,900,2300,1500,14.94
90,132,BRABCBACNPR4BR00,ABCB4,1620059825570325,14.93,14.92,14.91,14.95,14.96,14.97,1900,3300,1000,900,2300,1500,14.94
91,132,BRABCBACNPR4BR00,ABCB4,1620059825570456,14.93,14.92,14.91,14.95,14.96,14.97,1900,3300,1000,900,2300,1500,14.94
92,132,BRABCBACNPR4BR00,ABCB4,1620059825571023,14.93,14.92,14.91,14.95,14.96,14.97,1900,3300,1000,900,1900,1500,14.94
93,132,BRABCBACNPR4BR00,ABCB4,1620059825571049,14.93,14.92,14.91,14.95,14.96,14.97,1900,3300,1000,900,1900,1500,14.94
94,132,BRABCBACNPR4BR00,ABCB4,1620059825571086,14.93,14.92,14.91,14.95,14.96,14.97,1900,3300,1000,800,1900,1500,14.94
95,132,BRABCBACNPR4BR00,ABCB4,1620059825571123,14.93,14.92,14.91,14.95,14.96,14.97,1900,3300,1000,800,1900,1500,14.94
96,132,BRABCBACNPR4BR00,ABCB4,1620059825571151,14.93,14.92,14.91,14.95,14.96,14.97,1900,3300,1000,600,1900,1500,14.94
97,132,BRABCBACNPR4BR00,ABCB4,1620059825571175,14.93,14.92,14.91,14.95,14.96,14.97,1900,3300,1000,600,1900,1500,14.94
98,132,BRABCBACNPR4BR00,ABCB4,1620059825571331,14.94,14.93,14.92,14.95,14.96,14.97,100,1900,3300,600,1900,1500,14.94
99,132,BRABCBACNPR4BR00,ABCB4,1620059825571357,14.94,14.93,14.92,14.95,14.96,14.97,100,1900,3300,600,1900,1500,14.94
100,132,BRABCBACNPR4BR00,ABCB4,1620059825571836,14.94,14.93,14.92,14.95,14.96,14.97,100,1900,3300,300,1900,1500,14.94
101,132,BRABCBACNPR4BR00,ABCB4,1620059825571854,14.94,14.93,14.92,14.95,14.96,14.97,100,1900,3300,300,1900,1500,14.94
102,132,BRABCBACNPR4BR00,ABCB4,1620059825571938,14.94,14.93,14.92,14.95,14.96,14.97,100,1900,3300,500,1900,1500,14.94
103,132,BRABCBACNPR4BR00,ABCB4,1620059825571957,14.94,14.93,14.92,14.95,14.96,14.97,100,1900,3300,500,1900,1500,14.94
104,132,BRABCBACNPR4BR00,ABCB4,1620059825572236,14.94,14.93,14.92,14.95,14.96,14.97,300,1900,3300,500,1900,1500,14.94
105,132,BRABCBACNPR4BR00,ABCB4,1620059825572272,14.94,14.93,14.92,14.95,14.96,14.97,300,1900,3300,500,1900,1500,14.94
106,132,BRABCBACNPR4BR00,ABCB4,1620059825572286,14.94,14.93,14.92,14.95,14.96,14.97,300,1900,3300,500,1300,1500,14.94
107,132,BRABCBACNPR4BR00,ABCB4,1620059825572309,14.94,14.93,14.92,14.95,14.96,14.97,300,1900,3300,500,1300,1500,14.94
108,132,BRABCBACNPR4BR00,ABCB4,1620059825572357,14.94,14.93,14.92,14.95,14.96,14.97,300,1900,3300,600,1300,1500,14.94
109,132,BRABCBACNPR4BR00,ABCB4,1620059825572385,14.94,14.93,14.92,14.95,14.96,14.97,300,1900,3300,600,1300,1500,14.94
110,132,BRABCBACNPR4BR00,ABCB4,1620059825572400,14.94,14.93,14.92,14.95,14.96,14.97,300,1900,3300,400,1300,1500,14.94
111,132,BRABCBACNPR4BR00,ABCB4,1620059825572417,14.94,14.93,14.92,14.95,14.96,14.97,300,1900,3300,400,1300,1500,14.94
112,132,BRABCBACNPR4BR00,ABCB4,1620059825572514,14.94,14.93,14.92,14.95,14.96,14.97,800,1900,3300,400,1300,1500,14.94
113,132,BRABCBACNPR4BR00,ABCB4,1620059825572530,14.94,14.93,14.92,14.95,14.96,14.97,800,1900,3300,400,1300,1500,14.94
114,132,BRABCBACNPR4BR00,ABCB4,1620059825572564,14.94,14.93,14.92,14.95,14.96,14.97,800,1900,3300,400,1300,1000,14.94
115,132,BRABCBACNPR4BR00,ABCB4,1620059825572581,14.94,14.93,14.92,14.95,14.96,14.97,800,1900,3300,400,1300,1000,14.94
116,132,BRABCBACNPR4BR00,ABCB4,1620059825572658,14.94,14.93,14.92,14.95,14.96,14.97,700,1900,3300,400,1300,1000,14.94
117,132,BRABCBACNPR4BR00,ABCB4,1620059825572675,14.94,14.93,14.92,14.95,14.96,14.97,700,1900,3300,400,1300,1000,14.94
118,132,BRABCBACNPR4BR00,ABCB4,1620059825572798,14.94,14.93,14.92,14.95,14.96,14.97,900,1900,3300,400,1300,1000,14.94
119,132,BRABCBACNPR4BR00,ABCB4,1620059825572814,14.94,14.93,14.92,14.95,14.96,14.97,900,1900,3300,400,1300,1000,14.94
120,132,BRABCBACNPR4BR00,ABCB4,1620059825572853,14.94,14.93,14.92,14.95,14.96,14.97,900,1900,3300,600,1300,1000,14.94
121,132,BRABCBACNPR4BR00,ABCB4,1620059825572869,14.94,14.93,14.92,14.95,14.96,14.97,900,1900,3300,600,1300,1000,14.94
122,132,BRABCBACNPR4BR00,ABCB4,1620059825573013,14.94,14.93,14.92,14.95,14.96,14.97,900,1900,3300,600,1200,1000,14.94
123,132,BRABCBACNPR4BR00,ABCB4,1620059825573029,14.94,14.93,14.92,14.95,14.96,14.97,900,1900,3300,600,1200,1000,14.94
124,132,BRABCBACNPR4BR00,ABCB4,1620059825573090,14.94,14.93,14.92,14.95,14.96,14.97,900,1900,3300,600,1100,1600,14.94
125,132,BRABCBACNPR4BR00,ABCB4,1620059825573158,14.94,14.93,14.92,14.95,14.96,14.97,900,1900,3300,600,1100,1600,14.94
126,132,BRABCBACNPR4BR00,ABCB4,1620059825573294,14.94,14.93,14.92,14.95,14.96,14.97,900,1900,3300,400,1100,1600,14.94
127,132,BRABCBACNPR4BR00,ABCB4,1620059825573313,14.94,14.93,14.92,14.95,14.96,14.97,900,1900,3300,400,1100,1600,14.94
128,132,BRABCBACNPR4BR00,ABCB4,1620059825573654,14.94,14.93,14.92,14.95,14.96,14.97,900,1900,3300,400,1100,1600,14.94
129,132,BRABCBACNPR4BR00,ABCB4,1620059825573673,14.94,14.93,14.92,14.95,14.96,14.97,900,1900,3300,400,1100,1600,14.94
130,132,BRABCBACNPR4BR00,ABCB4,1620059825573710,14.94,14.93,14.92,14.95,14.96,14.97,1100,1900,3300,400,1100,1600,14.94
131,132,BRABCBACNPR4BR00,ABCB4,1620059825573735,14.94,14.93,14.92,14.95,14.96,14.97,1100,1900,3300,400,1100,1600,14.94
132,132,BRABCBACNPR4BR00,ABCB4,1620059825573761,14.94,14.93,14.92,14.95,14.96,14.97,900,1900,3300,400,1100,1600,14.94
133,132,BRABCBACNPR4BR00,ABCB4,1620059825573777,14.94,14.93,14.92,14.95,14.96,14.97,900,1900,3300,400,1100,1600,14.94
134,132,BRABCBACNPR4BR00,ABCB4,1620059825574094,14.94,14.93,14.92,14.95,14.96,14.97,900,1900,3300,300,1100,1600,14.94
135,132,BRABCBACNPR4BR00,ABCB4,1620059825574112,14.94,14.93,14.92,14.95,14.96,14.97,900,1900,3300,300,1100,1600,14.94
136,132,BRABCBACNPR4BR00,ABCB4,1620059825574300,14.94,14.93,14.92,14.95,14.96,14.97,1000,1900,3300,300,1100,1600,14.94
137,132,BRABCBACNPR4BR00,ABCB4,1620059825574317,14.94,14.93,14.92,14.95,14.96,14.97,1000,1900,3300,300,1100,1600,14.94
138,132,BRABCBACNPR4BR00,ABCB4,1620059825574416,14.94,14.93,14.92,14.95,14.96,14.97,1000,1900,3300,200,1100,1600,14.94
139,132,BRABCBACNPR4BR00,ABCB4,1620059825574439,14.94,14.93,14.92,14.95,14.96,14.97,1000,1900,3300,200,1100,1600,14.94
140,132,BRABCBACNPR4BR00,ABCB4,1620059825575577,14.94,14.93,14.92,14.95,14.96,14.97,1000,1900,3300,200,1200,1600,14.94
141,132,BRABCBACNPR4BR00,ABCB4,1620059825575596,14.94,14.93,14.92,14.95,14.96,14.97,1000,1900,3300,200,1200,1600,14.94
142,132,BRABCBACNPR4BR00,ABCB4,1620059825576014,14.94,14.93,14.92,14.95,14.96,14.97,1000,1900,3300,200,1200,1600,14.94
143,132,BRABCBACNPR4BR00,ABCB4,1620059825576031,14.94,14.93,14.92,14.95,14.96,14.97,1000,1900,3300,200,1200,1600,14.94
144,132,BRABCBACNPR4BR00,ABCB4,1620059825576893,14.94,14.93,14.92,14.95,14.96,14.97,1000,2000,3300,200,1200,1600,14.94
145,132,BRABCBACNPR4BR00,ABCB4,1620059825576910,14.94,14.93,14.92,14.95,14.96,14.97,1000,2000,3300,200,1200,1600,14.94
146,132,BRABCBACNPR4BR00,ABCB4,1620059825579014,14.94,14.93,14.92,14.95,14.96,14.97,1500,2000,3300,200,1200,1600,14.94
147,132,BRABCBACNPR4BR00,ABCB4,1620059825579032,14.94,14.93,14.92,14.95,14.96,14.97,1500,2000,3300,200,1200,1600,14.94
148,132,BRABCBACNPR4BR00,ABCB4,1620059825579906,14.94,14.93,14.92,14.95,14.96,14.97,1500,2500,2800,200,1200,1600,14.94
149,132,BRABCBACNPR4BR00,ABCB4,1620059825579923,14.94,14.93,14.92,14.95,14.96,14.97,1500,2500,2800,200,1200,1600,14.94
150,132,BRABCBACNPR4BR00,ABCB4,1620059825589369,14.94,14.93,14.92,14.95,14.96,14.97,1500,2500,2800,200,1200,1600,14.94
151,132,BRABCBACNPR4BR00,ABCB4,1620059825589386,14.94,14.93,14.92,14.95,14.96,14.97,1500,2500,2800,200,1200,1600,14.94
152,132,BRABCBACNPR4BR00,ABCB4,1620059825596887,14.94,14.93,14.92,14.96,14.97,14.98,1500,2500,2800,1200,1600,3200,14.94
153,132,BRABCBACNPR4BR00,ABCB4,1620059825596912,14.94,14.93,14.92,14.96,14.97,14.98,1500,2500,2800,1200,1600,3200,14.94
154,132,BRABCBACNPR4BR00,ABCB4,1620059825597774,14.94,14.93,14.92,14.96,14.97,14.98,1500,2500,2800,1400,1600,3200,14.94
155,132,BRABCBACNPR4BR00,ABCB4,1620059825597793,14.94,14.93,14.92,14.96,14.97,14.98,1500,2500,2800,1400,1600,3200,14.94
156,132,BRABCBACNPR4BR00,ABCB4,1620059825598664,14.94,14.93,14.92,14.95,14.96,14.97,1500,2500,2800,200,1400,1600,14.94
157,132,BRABCBACNPR4BR00,ABCB4,1620059825598684,14.94,14.93,14.92,14.95,14.96,14.97,1500,2500,2800,200,1400,1600,14.94
158,132,BRABCBACNPR4BR00,ABCB4,1620059826076323,14.94,14.93,14.92,14.95,14.96,14.97,1600,2500,2700,200,1400,1600,14.94
159,132,BRABCBACNPR4BR00,ABCB4,1620059826077786,14.94,14.93,14.92,14.95,14.96,14.97,1600,2500,2700,300,1400,1600,14.94
160,132,BRABCBACNPR4BR00,ABCB4,1620059836306390,14.94,14.93,14.92,14.95,14.96,14.97,1700,2000,3200,100,1400,2100,14.94
161,132,BRABCBACNPR4BR00,ABCB4,1620059836307818,14.94,14.93,14.92,14.96,14.97,14.98,1700,2000,3200,1500,2100,2800,14.94
162,132,BRABCBACNPR4BR00,ABCB4,1620059858388968,14.94,14.93,14.92,14.95,14.96,14.97,1600,2500,2700,100,1300,1400,14.96
163,132,BRABCBACNPR4BR00,ABCB4,1620059858390297,14.94,14.93,14.92,14.95,14.96,14.97,1600,2000,2700,200,1200,1900,14.96
164,132,BRABCBACNPR4BR00,ABCB4,1620059910176616,14.94,14.93,14.92,14.95,14.96,14.97,1200,2400,3000,100,1100,1800,14.95
165,132,BRABCBACNPR4BR00,ABCB4,1620059910177811,14.94,14.93,14.92,14.96,14.97,14.98,1200,2400,3000,1200,1300,2500,14.95
166,132,BRABCBACNPR4BR00,ABCB4,1620059946680819,14.95,14.94,14.93,14.96,14.97,14.98,1400,2600,2500,100,500,2400,14.94
167,132,BRABCBACNPR4BR00,ABCB4,1620059946682048,14.95,14.94,14.93,14.97,14.98,14.99,1400,2600,2500,600,2400,2000,14.94
168,132,BRABCBACNPR4BR00,ABCB4,1620059951586934,14.95,14.94,14.93,14.96,14.97,14.98,1200,1200,3000,100,1500,3200,14.95
169,132,BRABCBACNPR4BR00,ABCB4,1620059951588320,14.95,14.94,14.93,14.96,14.97,14.98,1100,1200,3000,700,1400,3200,14.95
170,132,BRABCBACNPR4BR00,ABCB4,1620059996044987,14.94,14.93,14.92,14.95,14.96,14.97,1100,2300,2900,200,1200,1000,14.95
171,132,BRABCBACNPR4BR00,ABCB4,1620059996046258,14.94,14.93,14.92,14.95,14.96,14.97,700,2300,3400,800,1100,1500,14.95
172,132,BRABCBACNPR4BR00,ABCB4,1620060058044197,14.93,14.92,14.91,14.94,14.95,14.96,1700,1400,2400,400,1000,2400,14.93
173,132,BRABCBACNPR4BR00,ABCB4,1620060058045673,14.93,14.92,14.91,14.94,14.95,14.96,1700,1400,2400,800,800,2400,14.93
174,132,BRABCBACNPR4BR00,ABCB4,1620060087516053,14.92,14.91,14.9,14.93,14.94,14.95,2300,900,3200,200,1300,1300,14.93
175,132,BRABCBACNPR4BR00,ABCB4,1620060087517291,14.92,14.91,14.9,14.93,14.94,14.95,2300,900,3200,400,1100,1300,14.93
176,132,BRABCBACNPR4BR00,ABCB4,1620060108335419,14.92,14.91,14.9,14.93,14.94,14.95,2300,900,3200,300,1100,1300,14.93
177,132,BRABCBACNPR4BR00,ABCB4,1620060187363958,14.94,14.93,14.92,14.95,14.96,14.97,900,1200,3800,800,800,2000,14.96
178,132,BRABCBACNPR4BR00,ABCB4,1620060187365610,14.94,14.93,14.92,14.95,14.96,14.97,900,1200,3800,1100,800,2000,14.96
179,132,BRABCBACNPR4BR00,ABCB4,1620060212037550,14.94,14.93,14.92,14.96,14.97,14.98,1300,1200,3800,800,2000,3100,14.95
180,132,BRABCBACNPR4BR00,ABCB4,1620060212038176,14.94,14.93,14.92,14.96,14.97,14.98,1400,1200,3800,800,2000,3100,14.95
181,132,BRABCBACNPR4BR00,ABCB4,1620060212039327,14.94,14.93,14.92,14.96,14.97,14.98,1400,1700,3300,500,1500,3100,14.95
182,132,BRABCBACNPR4BR00,ABCB4,1620060226919998,14.94,14.93,14.92,14.95,14.96,14.97,1200,1200,3900,200,1200,2000,14.95
183,132,BRABCBACNPR4BR00,ABCB4,1620060226921306,14.94,14.93,14.92,14.95,14.96,14.97,1200,1200,4400,900,1100,2000,14.95
184,132,BRABCBACNPR4BR00,ABCB4,1620060229739269,14.93,14.92,14.91,14.96,14.97,14.98,1100,2200,2300,2200,1500,3100,14.96
185,132,BRABCBACNPR4BR00,ABCB4,1620060229739286,14.93,14.92,14.91,14.96,14.97,14.98,1100,2200,2300,2200,1500,3100,14.96
186,132,BRABCBACNPR4BR00,ABCB4,1620060229740052,14.93,14.92,14.91,14.96,14.97,14.98,1100,2200,2300,1700,1500,3100,14.96
187,132,BRABCBACNPR4BR00,ABCB4,1620060229741306,14.94,14.93,14.92,14.96,14.97,14.98,900,1100,3400,1100,2000,3100,14.96
188,132,BRABCBACNPR4BR00,ABCB4,1620060229741367,14.94,14.93,14.92,14.95,14.96,14.97,900,1100,3500,200,1100,2000,14.96
189,132,BRABCBACNPR4BR00,ABCB4,1620060229742583,14.94,14.93,14.92,14.95,14.96,14.97,900,1200,3500,300,900,1500,14.96
190,132,BRABCBACNPR4BR00,ABCB4,1620060232173546,14.94,14.93,14.92,14.95,14.96,14.97,1400,1200,3500,100,900,2000,14.96
191,132,BRABCBACNPR4BR00,ABCB4,1620060232175683,14.94,14.93,14.92,14.96,14.97,14.98,1400,1200,3500,1000,2000,3100,14.96
192,132,BRABCBACNPR4BR00,ABCB4,1620060248253745,14.94,14.93,14.92,14.95,14.96,14.97,1400,1200,3500,100,1300,1500,14.96
193,132,BRABCBACNPR4BR00,ABCB4,1620060248255779,14.94,14.93,14.92,14.95,14.96,14.97,1400,1200,3500,100,1200,2000,14.96
194,132,BRABCBACNPR4BR00,ABCB4,1620060268847475,14.94,14.93,14.92,14.95,14.96,14.97,1000,1400,3500,100,1200,2000,14.94
195,132,BRABCBACNPR4BR00,ABCB4,1620060268848741,14.94,14.93,14.92,14.96,14.97,14.98,1000,1400,3500,1300,2000,3100,14.94
196,132,BRABCBACNPR4BR00,ABCB4,1620060268849426,14.94,14.93,14.92,14.95,14.96,14.97,1000,1400,3500,200,1300,2000,14.94
197,132,BRABCBACNPR4BR00,ABCB4,1620060268850590,14.94,14.93,14.92,14.95,14.96,14.97,1000,1400,3500,300,1200,2000,14.94
198,132,BRABCBACNPR4BR00,ABCB4,1620060274321494,14.94,14.93,14.92,14.95,14.96,14.97,3100,1400,3500,100,1200,2000,14.94
199,132,BRABCBACNPR4BR00,ABCB4,1620060274323055,14.94,14.93,14.92,14.96,14.97,14.98,3100,1400,3500,1300,2000,3100,14.94
200,132,BRABCBACNPR4BR00,ABCB4,1620060292043534,14.95,14.94,14.93,14.96,14.97,14.98,1200,3300,1900,100,1500,2400,14.94
201,132,BRABCBACNPR4BR00,ABCB4,1620060292044921,14.95,14.94,14.93,14.97,14.98,14.99,1200,3300,1900,1600,2400,1800,14.94
202,132,BRABCBACNPR4BR00,ABCB4,1620060292045603,14.95,14.94,14.93,14.96,14.97,14.98,1200,3300,1900,200,1600,2000,14.94
203,132,BRABCBACNPR4BR00,ABCB4,1620060292046679,14.95,14.94,14.93,14.96,14.97,14.98,1300,3300,1900,300,1500,2500,14.94
204,132,BRABCBACNPR4BR00,ABCB4,1620060317088658,14.95,14.94,14.93,14.96,14.97,14.98,200,3200,1400,700,1100,3400,14.95
205,132,BRABCBACNPR4BR00,ABCB4,1620060317090415,14.94,14.93,14.92,14.96,14.97,14.98,3200,1400,4200,800,1100,3400,14.95
206,132,BRABCBACNPR4BR00,ABCB4,1620060317090612,14.94,14.93,14.92,14.96,14.97,14.98,3200,1400,4200,800,1100,3400,14.95
207,132,BRABCBACNPR4BR00,ABCB4,1620060317620448,14.94,14.93,14.92,14.96,14.97,14.98,3200,1400,4200,700,1100,3400,14.96
208,132,BRABCBACNPR4BR00,ABCB4,1620060317621670,14.94,14.93,14.92,14.95,14.96,14.97,3200,1400,4200,100,800,1100,14.96
209,132,BRABCBACNPR4BR00,ABCB4,1620060445173122,14.94,14.93,14.92,14.95,14.96,14.97,1400,1300,3500,200,900,1200,14.95
210,132,BRABCBACNPR4BR00,ABCB4,1620060445174288,14.94,14.93,14.92,14.96,14.97,14.98,1400,1300,3500,900,1200,3300,14.95
211,132,BRABCBACNPR4BR00,ABCB4,1620060445175611,14.95,14.94,14.93,14.96,14.97,14.98,700,1400,1800,900,1200,3300,14.95
212,132,BRABCBACNPR4BR00,ABCB4,1620060445175813,14.95,14.94,14.93,14.96,14.97,14.98,700,1400,1800,900,1200,3300,14.95
213,139,BRABEVACNOR1BR00,ABEV3,1620059733112982,14.74,14.73,14.72,14.75,14.76,14.77,24400,39600,59500,27500,21000,52000,14.74
214,139,BRABEVACNOR1BR00,ABEV3,1620059733114182,14.74,14.73,14.72,14.75,14.76,14.77,24500,39600,59500,27500,21000,52700,14.74
215,139,BRABEVACNOR1BR00,ABEV3,1620059771275807,14.75,14.74,14.73,14.76,14.77,14.78,1100,56900,37200,17000,48400,37200,14.75
216,139,BRABEVACNOR1BR00,ABEV3,1620059771285189,14.75,14.74,14.73,14.76,14.77,14.78,10700,61000,34000,13200,48400,37000,14.75
217,139,BRABEVACNOR1BR00,ABEV3,1620059779546523,14.76,14.75,14.74,14.77,14.78,14.79,500,54100,46800,25400,62000,46900,14.76
218,139,BRABEVACNOR1BR00,ABEV3,1620059779548063,14.76,14.75,14.74,14.77,14.78,14.79,1600,54800,48100,22500,62000,46100,14.76
219,139,BRABEVACNOR1BR00,ABEV3,1620059780160515,14.76,14.75,14.74,14.77,14.78,14.79,400,49700,46500,19200,58900,46100,14.76
220,139,BRABEVACNOR1BR00,ABEV3,1620059780160981,14.75,14.74,14.73,14.77,14.78,14.79,30100,46500,41800,19200,58900,46100,14.75
221,139,BRABEVACNOR1BR00,ABEV3,1620059780162947,14.75,14.74,14.73,14.76,14.77,14.78,28400,36800,41800,9600,25900,55100,14.75
222,139,BRABEVACNOR1BR00,ABEV3,1620059785578018,14.75,14.74,14.73,14.76,14.77,14.78,1400,29900,50400,2200,100,59600,14.75
223,139,BRABEVACNOR1BR00,ABEV3,1620059785578209,14.75,14.74,14.73,14.76,14.77,14.78,1300,29900,50400,2200,100,59600,14.75
224,139,BRABEVACNOR1BR00,ABEV3,1620059785578242,14.75,14.74,14.73,14.76,14.77,14.78,1300,29900,50400,2200,100,59600,14.75
225,139,BRABEVACNOR1BR00,ABEV3,1620059785578508,14.75,14.74,14.73,14.76,14.77,14.78,200,29900,50400,2200,100,59600,14.75
226,139,BRABEVACNOR1BR00,ABEV3,1620059785578540,14.75,14.74,14.73,14.76,14.77,14.78,200,29900,50400,2200,100,59600,14.75
227,139,BRABEVACNOR1BR00,ABEV3,1620059785578634,14.75,14.74,14.73,14.76,14.77,14.78,8700,29900,50400,2200,100,59600,14.75
228,139,BRABEVACNOR1BR00,ABEV3,1620059785578662,14.75,14.74,14.73,14.76,14.77,14.78,8700,29900,50400,2200,100,59600,14.75
229,139,BRABEVACNOR1BR00,ABEV3,1620059785578862,14.75,14.74,14.73,14.76,14.77,14.78,8700,29900,50400,2200,1300,59600,14.75
230,139,BRABEVACNOR1BR00,ABEV3,1620059785578902,14.75,14.74,14.73,14.76,14.77,14.78,9500,29900,50400,2200,1300,59600,14.75
231,139,BRABEVACNOR1BR00,ABEV3,1620059785578954,14.75,14.74,14.73,14.76,14.77,14.78,9500,29900,50600,2200,1300,59600,14.75
232,139,BRABEVACNOR1BR00,ABEV3,1620059785578987,14.75,14.74,14.73,14.76,14.77,14.78,9500,29900,50600,2200,1300,59600,14.75
233,139,BRABEVACNOR1BR00,ABEV3,1620059785579148,14.75,14.74,14.73,14.76,14.77,14.78,9500,29900,50600,2200,2100,59600,14.75
234,139,BRABEVACNOR1BR00,ABEV3,1620059785579194,14.75,14.74,14.73,14.76,14.77,14.78,9500,30000,50600,2200,2100,59600,14.75
235,139,BRABEVACNOR1BR00,ABEV3,1620059785579282,14.75,14.74,14.73,14.76,14.77,14.78,9500,32900,50600,2200,2100,59600,14.75
236,139,BRABEVACNOR1BR00,ABEV3,1620059785579313,14.75,14.74,14.73,14.76,14.77,14.78,9500,32900,50600,2200,2100,59600,14.75
237,139,BRABEVACNOR1BR00,ABEV3,1620059785579457,14.75,14.74,14.73,14.76,14.77,14.78,9500,32900,50600,2200,4100,59600,14.75
238,139,BRABEVACNOR1BR00,ABEV3,1620059785579474,14.75,14.74,14.73,14.76,14.77,14.78,9500,32900,50600,2200,4100,59600,14.75
239,139,BRABEVACNOR1BR00,ABEV3,1620059785580232,14.75,14.74,14.73,14.76,14.77,14.78,9500,32900,50600,2200,4100,59600,14.75
240,139,BRABEVACNOR1BR00,ABEV3,1620059785580254,14.75,14.74,14.73,14.76,14.77,14.78,9500,32900,50600,2200,4100,59600,14.75
241,139,BRABEVACNOR1BR00,ABEV3,1620059785580318,14.75,14.74,14.73,14.76,14.77,14.78,10700,32900,50600,2200,4100,59600,14.75
242,139,BRABEVACNOR1BR00,ABEV3,1620059785580337,14.75,14.74,14.73,14.76,14.77,14.78,10700,32900,50600,2200,4100,59600,14.75
243,139,BRABEVACNOR1BR00,ABEV3,1620059785581252,14.75,14.74,14.73,14.76,14.77,14.78,10700,32900,50600,2200,4100,59600,14.75
244,139,BRABEVACNOR1BR00,ABEV3,1620059785581282,14.75,14.74,14.73,14.76,14.77,14.78,10700,32900,50600,2200,4100,59600,14.75
245,139,BRABEVACNOR1BR00,ABEV3,1620059785582369,14.75,14.74,14.73,14.76,14.77,14.78,10800,32900,50600,2200,4100,59600,14.75
246,139,BRABEVACNOR1BR00,ABEV3,1620059785582404,14.75,14.74,14.73,14.76,14.77,14.78,10800,32900,50600,2200,4100,59600,14.75
247,139,BRABEVACNOR1BR00,ABEV3,1620059785582535,14.75,14.74,14.73,14.76,14.77,14.78,11100,32900,50600,2200,4100,59600,14.75
248,139,BRABEVACNOR1BR00,ABEV3,1620059785582553,14.75,14.74,14.73,14.76,14.77,14.78,11100,32900,50600,2200,4100,59600,14.75
249,139,BRABEVACNOR1BR00,ABEV3,1620059785585018,14.75,14.74,14.73,14.76,14.77,14.78,9700,32900,50600,2200,4100,59600,14.75
250,139,BRABEVACNOR1BR00,ABEV3,1620059785585037,14.75,14.74,14.73,14.76,14.77,14.78,9700,32900,50600,2200,4100,59600,14.75
251,139,BRABEVACNOR1BR00,ABEV3,1620059785585631,14.75,14.74,14.73,14.76,14.77,14.78,8600,32900,50600,2200,4100,59600,14.75
252,139,BRABEVACNOR1BR00,ABEV3,1620059785585668,14.75,14.74,14.73,14.76,14.77,14.78,8600,32900,50600,2200,4100,59600,14.75
253,139,BRABEVACNOR1BR00,ABEV3,1620059785585800,14.75,14.74,14.73,14.76,14.77,14.78,8600,32400,50600,2200,4100,59600,14.75
254,139,BRABEVACNOR1BR00,ABEV3,1620059785585817,14.75,14.74,14.73,14.76,14.77,14.78,8600,32400,50600,2200,4100,59600,14.75
255,139,BRABEVACNOR1BR00,ABEV3,1620059785586016,14.75,14.74,14.73,14.76,14.77,14.78,8400,32400,50600,2200,4100,59600,14.75
256,139,BRABEVACNOR1BR00,ABEV3,1620059785586045,14.75,14.74,14.73,14.76,14.77,14.78,8400,32400,50600,2200,4100,59600,14.75
257,139,BRABEVACNOR1BR00,ABEV3,1620059785587862,14.75,14.74,14.73,14.76,14.77,14.78,8400,29500,50600,2200,4100,59600,14.75
258,139,BRABEVACNOR1BR00,ABEV3,1620059785587881,14.75,14.74,14.73,14.76,14.77,14.78,8400,29500,50600,2200,4100,59600,14.75
259,139,BRABEVACNOR1BR00,ABEV3,1620059785588219,14.75,14.74,14.73,14.76,14.77,14.78,8400,29500,50600,2200,6400,59600,14.75
260,139,BRABEVACNOR1BR00,ABEV3,1620059785588246,14.75,14.74,14.73,14.76,14.77,14.78,8400,29500,50600,2200,6400,59600,14.75
261,139,BRABEVACNOR1BR00,ABEV3,1620059785588479,14.75,14.74,14.73,14.76,14.77,14.78,7200,29500,50600,2200,6400,59600,14.75
262,139,BRABEVACNOR1BR00,ABEV3,1620059785588510,14.75,14.74,14.73,14.76,14.77,14.78,7200,29500,50600,2200,6400,59600,14.75
263,139,BRABEVACNOR1BR00,ABEV3,1620059785588594,14.75,14.74,14.73,14.76,14.77,14.78,7200,29500,44200,2200,6400,59600,14.75
264,139,BRABEVACNOR1BR00,ABEV3,1620059785588615,14.75,14.74,14.73,14.76,14.77,14.78,7200,29500,44200,2200,6400,59600,14.75
265,139,BRABEVACNOR1BR00,ABEV3,1620059785591567,14.75,14.74,14.73,14.76,14.77,14.78,7200,29500,44200,3300,6400,59600,14.75
266,139,BRABEVACNOR1BR00,ABEV3,1620059785591595,14.75,14.74,14.73,14.76,14.77,14.78,7200,29500,44200,3300,6400,59600,14.75
267,139,BRABEVACNOR1BR00,ABEV3,1620059785591630,14.75,14.74,14.73,14.76,14.77,14.78,7200,29400,44200,3300,6400,59600,14.75
268,139,BRABEVACNOR1BR00,ABEV3,1620059785591684,14.75,14.74,14.73,14.76,14.77,14.78,7200,29400,44200,3300,6400,59600,14.75
269,139,BRABEVACNOR1BR00,ABEV3,1620059785592332,14.75,14.74,14.73,14.76,14.77,14.78,700,29400,44200,3300,6400,59600,14.75
270,139,BRABEVACNOR1BR00,ABEV3,1620059785592366,14.75,14.74,14.73,14.76,14.77,14.78,700,29400,44200,3300,6400,59600,14.75
271,139,BRABEVACNOR1BR00,ABEV3,1620059785593865,14.75,14.74,14.73,14.76,14.77,14.78,700,29400,44200,11800,6400,59600,14.75
272,139,BRABEVACNOR1BR00,ABEV3,1620059785593902,14.75,14.74,14.73,14.76,14.77,14.78,700,29400,44200,11800,6400,59600,14.75
273,139,BRABEVACNOR1BR00,ABEV3,1620059785594229,14.75,14.74,14.73,14.76,14.77,14.78,700,29400,44200,11800,7500,59600,14.75
274,139,BRABEVACNOR1BR00,ABEV3,1620059785594247,14.75,14.74,14.73,14.76,14.77,14.78,700,29400,44200,11800,7500,59600,14.75
275,139,BRABEVACNOR1BR00,ABEV3,1620059785594315,14.75,14.74,14.73,14.76,14.77,14.78,700,29400,44200,11800,8600,59600,14.75
276,139,BRABEVACNOR1BR00,ABEV3,1620059785594346,14.75,14.74,14.73,14.76,14.77,14.78,700,29400,44200,11800,8600,59600,14.75
277,139,BRABEVACNOR1BR00,ABEV3,1620059785596564,14.75,14.74,14.73,14.76,14.77,14.78,700,29400,44200,11800,8600,59600,14.75
278,139,BRABEVACNOR1BR00,ABEV3,1620059785596590,14.75,14.74,14.73,14.76,14.77,14.78,700,29400,44200,11800,8600,59600,14.75
279,139,BRABEVACNOR1BR00,ABEV3,1620059785596667,14.75,14.74,14.73,14.76,14.77,14.78,700,29400,44200,11800,8600,59600,14.75
280,139,BRABEVACNOR1BR00,ABEV3,1620059785596695,14.75,14.74,14.73,14.76,14.77,14.78,700,29400,44200,11800,8600,59600,14.75
281,139,BRABEVACNOR1BR00,ABEV3,1620059785597600,14.75,14.74,14.73,14.76,14.77,14.78,700,29400,44200,11800,8600,59700,14.75
282,139,BRABEVACNOR1BR00,ABEV3,1620059785597637,14.75,14.74,14.73,14.76,14.77,14.78,700,29400,44200,11800,8600,59700,14.75
283,139,BRABEVACNOR1BR00,ABEV3,1620059785603926,14.75,14.74,14.73,14.76,14.77,14.78,700,28200,44200,11800,8600,59700,14.75
284,139,BRABEVACNOR1BR00,ABEV3,1620059785603956,14.75,14.74,14.73,14.76,14.77,14.78,700,28200,44200,11800,8600,59700,14.75
285,139,BRABEVACNOR1BR00,ABEV3,1620059785604268,14.75,14.74,14.73,14.76,14.77,14.78,700,28200,40500,11800,8600,59700,14.75
286,139,BRABEVACNOR1BR00,ABEV3,1620059785604289,14.75,14.74,14.73,14.76,14.77,14.78,700,28200,40500,11800,8600,59700,14.75
287,139,BRABEVACNOR1BR00,ABEV3,1620059785604827,14.75,14.74,14.73,14.76,14.77,14.78,1400,28200,40500,11800,8600,59700,14.75
288,139,BRABEVACNOR1BR00,ABEV3,1620059785604870,14.75,14.74,14.73,14.76,14.77,14.78,1400,28200,40500,11800,8600,59700,14.75
289,139,BRABEVACNOR1BR00,ABEV3,1620059785605565,14.75,14.74,14.73,14.76,14.77,14.78,1400,28200,40500,11800,17100,59700,14.75
290,139,BRABEVACNOR1BR00,ABEV3,1620059785605636,14.75,14.74,14.73,14.76,14.77,14.78,1400,28200,40500,11800,17100,59700,14.75
291,139,BRABEVACNOR1BR00,ABEV3,1620059785605657,14.75,14.74,14.73,14.76,14.77,14.78,1400,28200,36900,11800,17100,59700,14.75
292,139,BRABEVACNOR1BR00,ABEV3,1620059785605685,14.75,14.74,14.73,14.76,14.77,14.78,1400,28200,36900,11800,17100,59700,14.75
293,139,BRABEVACNOR1BR00,ABEV3,1620059785605960,14.75,14.74,14.73,14.76,14.77,14.78,1400,28200,36900,11800,23500,59700,14.75
294,139,BRABEVACNOR1BR00,ABEV3,1620059785605980,14.75,14.74,14.73,14.76,14.77,14.78,1400,28200,36900,11800,23500,59700,14.75
295,139,BRABEVACNOR1BR00,ABEV3,1620059785606668,14.75,14.74,14.73,14.76,14.77,14.78,1400,28200,36900,11800,23500,59700,14.75
296,139,BRABEVACNOR1BR00,ABEV3,1620059785606687,14.75,14.74,14.73,14.76,14.77,14.78,1400,28200,36900,11800,23500,59700,14.75
297,139,BRABEVACNOR1BR00,ABEV3,1620059785665197,14.75,14.74,14.73,14.76,14.77,14.78,1400,28200,36900,13100,23500,59700,14.75
298,139,BRABEVACNOR1BR00,ABEV3,1620059785665219,14.75,14.74,14.73,14.76,14.77,14.78,1400,28200,36900,13100,23500,59700,14.75
299,139,BRABEVACNOR1BR00,ABEV3,1620059785666459,14.75,14.74,14.73,14.76,14.77,14.78,1400,28200,36900,13000,23500,59700,14.76
300,139,BRABEVACNOR1BR00,ABEV3,1620059785666479,14.75,14.74,14.73,14.76,14.77,14.78,1400,28200,36900,13000,23500,59700,14.76
301,139,BRABEVACNOR1BR00,ABEV3,1620059785667555,14.75,14.74,14.73,14.76,14.77,14.78,1400,28200,36900,13000,23600,59700,14.76
302,139,BRABEVACNOR1BR00,ABEV3,1620059785667583,14.75,14.74,14.73,14.76,14.77,14.78,1400,28200,36900,13000,23600,59700,14.76
303,139,BRABEVACNOR1BR00,ABEV3,1620059785676424,14.75,14.74,14.73,14.76,14.77,14.78,1400,28200,36900,13000,23600,59700,14.76
304,139,BRABEVACNOR1BR00,ABEV3,1620059785676444,14.75,14.74,14.73,14.76,14.77,14.78,1400,28200,36900,13000,23600,59700,14.76
305,139,BRABEVACNOR1BR00,ABEV3,1620059785677353,14.75,14.74,14.73,14.76,14.77,14.78,1400,28200,36900,13000,23600,59700,14.76
306,139,BRABEVACNOR1BR00,ABEV3,1620059785677375,14.75,14.74,14.73,14.76,14.77,14.78,1400,28200,36900,13000,23600,59700,14.76
307,139,BRABEVACNOR1BR00,ABEV3,1620059785677659,14.75,14.74,14.73,14.76,14.77,14.78,1400,28200,36900,13000,23700,59700,14.76
308,139,BRABEVACNOR1BR00,ABEV3,1620059785677676,14.75,14.74,14.73,14.76,14.77,14.78,1400,28200,36900,13000,23700,59700,14.76
309,139,BRABEVACNOR1BR00,ABEV3,1620059785695797,14.75,14.74,14.73,14.76,14.77,14.78,1400,28200,40600,13000,23700,59700,14.76
310,139,BRABEVACNOR1BR00,ABEV3,1620059785695820,14.75,14.74,14.73,14.76,14.77,14.78,1400,28200,40600,13000,23700,59700,14.76
311,139,BRABEVACNOR1BR00,ABEV3,1620059785696686,14.75,14.74,14.73,14.76,14.77,14.78,1400,28200,44500,13000,23700,59700,14.76
312,139,BRABEVACNOR1BR00,ABEV3,1620059785696705,14.75,14.74,14.73,14.76,14.77,14.78,1400,28200,44500,13000,23700,59700,14.76
313,139,BRABEVACNOR1BR00,ABEV3,1620059785723918,14.75,14.74,14.73,14.76,14.77,14.78,1400,28200,44500,12200,23700,59700,14.76
314,139,BRABEVACNOR1BR00,ABEV3,1620059785723939,14.75,14.74,14.73,14.76,14.77,14.78,1400,28200,44500,12200,23700,59700,14.76
315,139,BRABEVACNOR1BR00,ABEV3,1620059785735198,14.75,14.74,14.73,14.76,14.77,14.78,1400,28200,44500,12200,27400,59700,14.76
316,139,BRABEVACNOR1BR00,ABEV3,1620059785735227,14.75,14.74,14.73,14.76,14.77,14.78,1400,28200,44500,12200,27400,59700,14.76
317,139,BRABEVACNOR1BR00,ABEV3,1620059785742235,14.75,14.74,14.73,14.76,14.77,14.78,1400,28200,44500,11400,27400,59700,14.76
318,139,BRABEVACNOR1BR00,ABEV3,1620059785742257,14.75,14.74,14.73,14.76,14.77,14.78,1400,28200,44500,11400,27400,59700,14.76
319,139,BRABEVACNOR1BR00,ABEV3,1620059785753381,14.75,14.74,14.73,14.76,14.77,14.78,1400,28200,44500,12500,27400,59700,14.76
320,139,BRABEVACNOR1BR00,ABEV3,1620059785753401,14.75,14.74,14.73,14.76,14.77,14.78,1400,28200,44500,12500,27400,59700,14.76
321,139,BRABEVACNOR1BR00,ABEV3,1620059785994582,14.75,14.74,14.73,14.76,14.77,14.78,1400,18200,44500,2500,27400,59700,14.76
322,139,BRABEVACNOR1BR00,ABEV3,1620059785996032,14.75,14.74,14.73,14.76,14.77,14.78,2700,20400,47700,2500,31300,59700,14.76
323,139,BRABEVACNOR1BR00,ABEV3,1620059801250953,14.75,14.74,14.73,14.76,14.77,14.78,31900,29600,50200,16100,21400,73600,14.75
324,139,BRABEVACNOR1BR00,ABEV3,1620059801463993,14.75,14.74,14.73,14.76,14.77,14.78,31900,29700,50200,16100,21400,73600,14.75
325,139,BRABEVACNOR1BR00,ABEV3,1620059801465432,14.75,14.74,14.73,14.76,14.77,14.78,32000,29700,50200,16100,21400,73600,14.75
326,139,BRABEVACNOR1BR00,ABEV3,1620059830559962,14.76,14.75,14.74,14.77,14.78,14.79,4500,32900,30900,22800,75700,57800,14.76
327,139,BRABEVACNOR1BR00,ABEV3,1620059830562098,14.76,14.75,14.74,14.77,14.78,14.79,4600,37900,29100,20600,65900,57800,14.76
328,139,BRABEVACNOR1BR00,ABEV3,1620059849845887,14.77,14.76,14.75,14.78,14.79,14.8,8500,32400,28100,25800,73700,42300,14.78
329,139,BRABEVACNOR1BR00,ABEV3,1620059849850416,14.77,14.76,14.75,14.78,14.79,14.8,9200,37600,25800,23200,71200,38500,14.77
330,139,BRABEVACNOR1BR00,ABEV3,1620059865299902,14.77,14.76,14.75,14.78,14.79,14.8,23000,28700,27900,17900,53500,58700,14.77
331,139,BRABEVACNOR1BR00,ABEV3,1620059865375782,14.77,14.76,14.75,14.78,14.79,14.8,23000,28700,27900,26400,53500,58700,14.77
332,139,BRABEVACNOR1BR00,ABEV3,1620059865377058,14.77,14.76,14.75,14.78,14.79,14.8,23100,28700,27900,26400,53500,58700,14.77
333,139,BRABEVACNOR1BR00,ABEV3,1620059910099363,14.77,14.76,14.75,14.78,14.79,14.8,8900,19300,31600,29700,59000,57100,14.77
334,139,BRABEVACNOR1BR00,ABEV3,1620059910099726,14.77,14.76,14.75,14.78,14.79,14.8,8900,19300,31600,29700,59000,57100,14.77
335,139,BRABEVACNOR1BR00,ABEV3,1620059910102291,14.76,14.75,14.74,14.77,14.78,14.79,19300,25700,58400,300,30900,61100,14.77
336,139,BRABEVACNOR1BR00,ABEV3,1620059910102365,14.76,14.75,14.74,14.77,14.78,14.79,19300,25700,58400,1400,30900,61100,14.77
337,139,BRABEVACNOR1BR00,ABEV3,1620059910102623,14.76,14.75,14.74,14.77,14.78,14.79,19300,22000,58400,1400,30900,61100,14.77
338,139,BRABEVACNOR1BR00,ABEV3,1620059910102891,14.76,14.75,14.74,14.77,14.78,14.79,19300,22000,58400,2500,30900,61100,14.77
339,139,BRABEVACNOR1BR00,ABEV3,1620059910107855,14.76,14.75,14.74,14.77,14.78,14.79,19700,21900,52000,9800,37500,55200,14.77
340,139,BRABEVACNOR1BR00,ABEV3,1620059926671372,14.76,14.75,14.74,14.77,14.78,14.79,6800,25800,55700,21600,37700,74500,14.76
341,139,BRABEVACNOR1BR00,ABEV3,1620059926671959,14.76,14.75,14.74,14.77,14.78,14.79,6800,23000,55700,21600,37700,74500,14.76
342,139,BRABEVACNOR1BR00,ABEV3,1620059926673278,14.76,14.75,14.74,14.77,14.78,14.79,6900,23000,55700,21600,37700,74500,14.76
343,139,BRABEVACNOR1BR00,ABEV3,1620059940085455,14.76,14.75,14.74,14.77,14.78,14.79,5800,31700,51000,23400,39200,74500,14.76
344,139,BRABEVACNOR1BR00,ABEV3,1620059940085921,14.75,14.74,14.73,14.77,14.78,14.79,31700,51000,39700,23400,39200,74500,14.76
345,139,BRABEVACNOR1BR00,ABEV3,1620059940087555,14.75,14.74,14.73,14.77,14.78,14.79,31300,48000,43200,18400,39300,74500,14.76
346,139,BRABEVACNOR1BR00,ABEV3,1620059940238671,14.76,14.75,14.74,14.77,14.78,14.79,8500,31100,47900,18500,35600,74500,14.77
347,139,BRABEVACNOR1BR00,ABEV3,1620059940240799,14.76,14.75,14.74,14.77,14.78,14.79,8600,31000,47900,18500,35500,74500,14.77
348,139,BRABEVACNOR1BR00,ABEV3,1620059940249527,14.76,14.75,14.74,14.77,14.78,14.79,100,33600,47900,18400,39300,74500,14.76
349,139,BRABEVACNOR1BR00,ABEV3,1620059940250943,14.75,14.74,14.73,14.77,14.78,14.79,30000,47900,41700,18400,39300,74500,14.76
350,139,BRABEVACNOR1BR00,ABEV3,1620059940349619,14.76,14.75,14.74,14.77,14.78,14.79,8500,33600,47900,18400,35500,74800,14.76
351,139,BRABEVACNOR1BR00,ABEV3,1620059940349654,14.76,14.75,14.74,14.77,14.78,14.79,8500,33600,47900,18400,35500,74800,14.76
352,139,BRABEVACNOR1BR00,ABEV3,1620060055990309,14.77,14.76,14.75,14.78,14.79,14.8,1700,5300,19400,43800,75900,46200,14.77
353,139,BRABEVACNOR1BR00,ABEV3,1620060055990339,14.77,14.76,14.75,14.78,14.79,14.8,1700,5300,19400,43800,75900,46200,14.77
354,139,BRABEVACNOR1BR00,ABEV3,1620060055996654,14.76,14.75,14.74,14.78,14.79,14.8,18000,22500,33800,30700,72800,47700,14.77
355,139,BRABEVACNOR1BR00,ABEV3,1620060055996678,14.76,14.75,14.74,14.78,14.79,14.8,18000,22500,33800,30700,72800,47700,14.77
356,139,BRABEVACNOR1BR00,ABEV3,1620060106536332,14.76,14.75,14.74,14.77,14.78,14.79,20600,27000,33300,18300,40700,70900,14.76
357,139,BRABEVACNOR1BR00,ABEV3,1620060106537453,14.76,14.75,14.74,14.77,14.78,14.79,20600,26900,33300,18300,40700,74600,14.76
358,139,BRABEVACNOR1BR00,ABEV3,1620060184754912,14.76,14.75,14.74,14.77,14.78,14.79,20100,24000,32300,6400,36200,70700,14.77
359,139,BRABEVACNOR1BR00,ABEV3,1620060184756110,14.76,14.75,14.74,14.77,14.78,14.79,20200,24000,32300,6400,36200,70700,14.77
360,139,BRABEVACNOR1BR00,ABEV3,1620060227842222,14.76,14.75,14.74,14.77,14.78,14.79,31600,17500,33900,21100,39000,70700,14.76
361,139,BRABEVACNOR1BR00,ABEV3,1620060227844703,14.76,14.75,14.74,14.77,14.78,14.79,31600,17500,30300,21100,39000,70700,14.76
362,139,BRABEVACNOR1BR00,ABEV3,1620060227848862,14.76,14.75,14.74,14.77,14.78,14.79,31700,17500,26400,21100,39000,70700,14.76
363,139,BRABEVACNOR1BR00,ABEV3,1620060234561900,14.77,14.76,14.75,14.78,14.79,14.8,8500,36700,21400,37900,70700,45400,14.78
364,139,BRABEVACNOR1BR00,ABEV3,1620060234565931,14.77,14.76,14.75,14.78,14.79,14.8,10900,41700,25100,25700,67700,48400,14.78
365,139,BRABEVACNOR1BR00,ABEV3,1620060255243437,14.77,14.76,14.75,14.78,14.79,14.8,15800,20400,32700,26800,54300,63900,14.77
366,139,BRABEVACNOR1BR00,ABEV3,1620060255244098,14.77,14.76,14.75,14.78,14.79,14.8,15800,20400,30100,26800,54300,63900,14.77
367,139,BRABEVACNOR1BR00,ABEV3,1620060255245607,14.77,14.76,14.75,14.78,14.79,14.8,8900,20400,28200,26800,54300,63900,14.77
368,139,BRABEVACNOR1BR00,ABEV3,1620060261771279,14.78,14.77,14.76,14.79,14.8,14.81,1100,18600,26800,40800,63900,39700,14.79
369,139,BRABEVACNOR1BR00,ABEV3,1620060261775195,14.77,14.76,14.75,14.78,14.79,14.8,20700,30100,26500,400,39400,59900,14.78
370,139,BRABEVACNOR1BR00,ABEV3,1620060261775367,14.77,14.76,14.75,14.78,14.79,14.8,20700,30100,26500,400,39400,59900,14.78
371,139,BRABEVACNOR1BR00,ABEV3,1620060261775892,14.77,14.76,14.75,14.78,14.79,14.8,20700,30100,26500,400,33000,59900,14.78
372,139,BRABEVACNOR1BR00,ABEV3,1620060261777254,14.77,14.76,14.75,14.78,14.79,14.8,20800,26400,26500,500,33000,59900,14.78
373,139,BRABEVACNOR1BR00,ABEV3,1620060261793378,14.78,14.77,14.76,14.79,14.8,14.81,4400,20700,26300,40300,59900,39700,14.78
374,139,BRABEVACNOR1BR00,ABEV3,1620060261794540,14.78,14.77,14.76,14.79,14.8,14.81,4500,20700,26300,40300,59900,39700,14.78
375,139,BRABEVACNOR1BR00,ABEV3,1620060261800262,14.77,14.76,14.75,14.79,14.8,14.81,20700,26300,26500,40300,59900,39700,14.78
376,139,BRABEVACNOR1BR00,ABEV3,1620060261800440,14.77,14.76,14.75,14.79,14.8,14.81,20700,26300,26500,40300,59900,39700,14.78
377,139,BRABEVACNOR1BR00,ABEV3,1620060261801311,14.77,14.76,14.75,14.78,14.79,14.8,20700,26300,26500,300,40300,59900,14.78
378,139,BRABEVACNOR1BR00,ABEV3,1620060261802798,14.77,14.76,14.75,14.78,14.79,14.8,20800,26300,26500,300,40300,61100,14.78
379,139,BRABEVACNOR1BR00,ABEV3,1620060261912443,14.78,14.77,14.76,14.79,14.8,14.81,800,25700,33600,41300,64900,39700,14.79
380,139,BRABEVACNOR1BR00,ABEV3,1620060261913804,14.78,14.77,14.76,14.79,14.8,14.81,100,25600,33600,41300,64900,39700,14.78
381,139,BRABEVACNOR1BR00,ABEV3,1620060261914664,14.77,14.76,14.75,14.79,14.8,14.81,25600,33600,26500,41300,64900,39700,14.78
382,139,BRABEVACNOR1BR00,ABEV3,1620060261914820,14.77,14.76,14.75,14.79,14.8,14.81,25600,33600,26500,41300,64900,39700,14.78
383,139,BRABEVACNOR1BR00,ABEV3,1620060261918345,14.77,14.76,14.75,14.79,14.8,14.81,25600,33600,26500,41300,64900,39700,14.78
384,139,BRABEVACNOR1BR00,ABEV3,1620060261919703,14.77,14.76,14.75,14.79,14.8,14.81,20800,33600,26500,41300,64900,39700,14.78
385,139,BRABEVACNOR1BR00,ABEV3,1620060270011231,14.78,14.77,14.76,14.79,14.8,14.81,6900,25000,29400,46300,64900,39700,14.78
386,139,BRABEVACNOR1BR00,ABEV3,1620060270014060,14.78,14.77,14.76,14.79,14.8,14.81,7000,24900,29400,46200,61900,39700,14.78
387,139,BRABEVACNOR1BR00,ABEV3,1620060270163693,14.77,14.76,14.75,14.79,14.8,14.81,26400,25900,30100,38800,58100,46600,14.78
388,139,BRABEVACNOR1BR00,ABEV3,1620060270163847,14.77,14.76,14.75,14.78,14.79,14.8,26400,25900,30100,10000,38800,58100,14.78
389,429,BRALPAACNPR7BR00,ALPA4,1620059733474917,39.77,39.76,39.75,39.82,39.83,39.84,1300,100,300,2000,800,700,39.78
390,429,BRALPAACNPR7BR00,ALPA4,1620059733474935,39.77,39.76,39.75,39.82,39.83,39.84,1300,100,300,2000,800,700,39.78
391,429,BRALPAACNPR7BR00,ALPA4,1620059733475602,39.77,39.76,39.75,39.82,39.83,39.84,1200,100,300,2000,800,700,39.78
392,429,BRALPAACNPR7BR00,ALPA4,1620059733475618,39.77,39.76,39.75,39.82,39.83,39.84,1200,100,300,2000,800,700,39.78
393,429,BRALPAACNPR7BR00,ALPA4,1620059733476276,39.77,39.76,39.75,39.82,39.83,39.84,1000,100,300,2000,800,700,39.78
394,429,BRALPAACNPR7BR00,ALPA4,1620059733476292,39.77,39.76,39.75,39.82,39.83,39.84,1000,100,300,2000,800,700,39.78
395,429,BRALPAACNPR7BR00,ALPA4,1620059733476823,39.77,39.76,39.75,39.81,39.82,39.83,1000,100,300,400,2000,800,39.78
396,429,BRALPAACNPR7BR00,ALPA4,1620059733476840,39.77,39.76,39.75,39.81,39.82,39.83,1000,100,300,400,2000,800,39.78
397,429,BRALPAACNPR7BR00,ALPA4,1620059733477732,39.77,39.76,39.75,39.81,39.82,39.83,1000,100,300,400,2000,800,39.78
398,429,BRALPAACNPR7BR00,ALPA4,1620059733477752,39.77,39.76,39.75,39.81,39.82,39.83,1000,100,300,400,2000,800,39.78
399,429,BRALPAACNPR7BR00,ALPA4,1620059733477792,39.77,39.76,39.75,39.81,39.82,39.83,1000,100,300,600,2000,800,39.78
400,429,BRALPAACNPR7BR00,ALPA4,1620059733477809,39.77,39.76,39.75,39.81,39.82,39.83,1000,100,300,600,2000,800,39.78
401,429,BRALPAACNPR7BR00,ALPA4,1620059733478377,39.77,39.76,39.75,39.81,39.82,39.83,1000,100,300,600,2100,800,39.78
402,429,BRALPAACNPR7BR00,ALPA4,1620059733478404,39.77,39.76,39.75,39.81,39.82,39.83,1000,100,300,600,2100,800,39.78
403,429,BRALPAACNPR7BR00,ALPA4,1620059733978734,39.77,39.76,39.75,39.81,39.82,39.83,1000,100,300,1000,1700,800,39.78
404,429,BRALPAACNPR7BR00,ALPA4,1620059733978751,39.77,39.76,39.75,39.81,39.82,39.83,1000,100,300,1000,1700,800,39.78
405,429,BRALPAACNPR7BR00,ALPA4,1620059733980386,39.77,39.76,39.75,39.81,39.82,39.83,1000,100,300,1200,1500,800,39.78
406,429,BRALPAACNPR7BR00,ALPA4,1620059733980403,39.77,39.76,39.75,39.81,39.82,39.83,1000,100,300,1200,1500,800,39.78
407,429,BRALPAACNPR7BR00,ALPA4,1620059734095756,39.77,39.76,39.75,39.8,39.81,39.82,1000,100,300,100,1200,1500,39.78
408,429,BRALPAACNPR7BR00,ALPA4,1620059734096828,39.77,39.76,39.75,39.8,39.81,39.82,1100,100,300,300,1200,1500,39.78
409,429,BRALPAACNPR7BR00,ALPA4,1620059743385600,39.78,39.77,39.76,39.81,39.82,39.83,100,1200,1200,400,1300,700,39.8
410,429,BRALPAACNPR7BR00,ALPA4,1620059743387019,39.78,39.77,39.76,39.81,39.82,39.83,400,1100,1200,300,1300,700,39.8
411,429,BRALPAACNPR7BR00,ALPA4,1620059745296050,39.78,39.77,39.76,39.82,39.83,39.84,100,1400,1200,1000,700,800,39.78
412,429,BRALPAACNPR7BR00,ALPA4,1620059745297343,39.77,39.76,39.75,39.81,39.82,39.83,1100,1200,300,400,1000,700,39.78
413,429,BRALPAACNPR7BR00,ALPA4,1620059760742635,39.77,39.76,39.75,39.78,39.79,39.8,100,700,200,100,500,400,39.77
414,429,BRALPAACNPR7BR00,ALPA4,1620059760742663,39.77,39.76,39.75,39.78,39.79,39.8,100,700,200,100,500,400,39.77
415,429,BRALPAACNPR7BR00,ALPA4,1620059775747668,39.76,39.74,39.73,39.79,39.8,39.82,900,300,600,500,100,300,39.77
416,429,BRALPAACNPR7BR00,ALPA4,1620059775748599,39.76,39.74,39.73,39.79,39.8,39.82,900,300,600,600,100,300,39.77
417,429,BRALPAACNPR7BR00,ALPA4,1620059775749838,39.76,39.74,39.73,39.79,39.8,39.81,1000,300,600,500,100,400,39.77
418,429,BRALPAACNPR7BR00,ALPA4,1620059776699839,39.79,39.76,39.74,39.8,39.81,39.82,9200,800,300,100,400,300,39.79
419,429,BRALPAACNPR7BR00,ALPA4,1620059776701388,39.79,39.77,39.76,39.82,39.83,39.84,9300,100,800,200,600,1400,39.79
420,429,BRALPAACNPR7BR00,ALPA4,1620059790433544,39.8,39.79,39.78,39.83,39.84,39.85,700,9500,300,300,200,700,39.83
421,429,BRALPAACNPR7BR00,ALPA4,1620059790434965,39.8,39.79,39.78,39.83,39.84,39.85,900,9400,300,300,200,700,39.83
422,429,BRALPAACNPR7BR00,ALPA4,1620059791580442,39.81,39.8,39.79,39.85,39.86,39.87,400,1300,9700,600,600,100,39.84
423,429,BRALPAACNPR7BR00,ALPA4,1620059791581844,39.81,39.8,39.79,39.88,39.89,39.9,700,2100,9600,600,100,500,39.85
424,429,BRALPAACNPR7BR00,ALPA4,1620059791582583,39.82,39.81,39.8,39.87,39.88,39.89,100,600,2100,400,600,100,39.85
425,429,BRALPAACNPR7BR00,ALPA4,1620059791583732,39.82,39.81,39.8,39.87,39.88,39.89,700,500,2200,800,500,100,39.85
426,429,BRALPAACNPR7BR00,ALPA4,1620059792239396,39.83,39.82,39.81,39.87,39.88,39.89,100,500,500,100,400,100,39.85
427,429,BRALPAACNPR7BR00,ALPA4,1620059792240800,39.83,39.82,39.81,39.88,39.89,39.9,200,400,500,200,500,400,39.85
428,429,BRALPAACNPR7BR00,ALPA4,1620059792240951,39.83,39.82,39.81,39.88,39.89,39.9,100,800,500,200,500,400,39.85
429,429,BRALPAACNPR7BR00,ALPA4,1620059792242193,39.83,39.82,39.81,39.88,39.89,39.9,100,900,500,200,500,800,39.85
430,429,BRALPAACNPR7BR00,ALPA4,1620059792242511,39.84,39.82,39.81,39.88,39.89,39.9,100,900,500,200,500,800,39.85
431,429,BRALPAACNPR7BR00,ALPA4,1620059792243777,39.84,39.83,39.82,39.88,39.89,39.9,100,400,900,200,500,800,39.85
432,429,BRALPAACNPR7BR00,ALPA4,1620059792244361,39.84,39.83,39.82,39.88,39.89,39.9,100,400,900,100,500,800,39.85
433,429,BRALPAACNPR7BR00,ALPA4,1620059792245630,39.83,39.82,39.81,39.88,39.89,39.9,600,500,500,100,500,800,39.85
434,429,BRALPAACNPR7BR00,ALPA4,1620059792437663,39.84,39.83,39.82,39.88,39.89,39.9,100,700,400,100,500,800,39.85
435,429,BRALPAACNPR7BR00,ALPA4,1620059792438981,39.84,39.83,39.82,39.88,39.89,39.9,400,600,400,100,500,800,39.85
436,429,BRALPAACNPR7BR00,ALPA4,1620059792466011,39.83,39.82,39.81,39.88,39.89,39.9,600,400,500,700,100,800,39.84
437,429,BRALPAACNPR7BR00,ALPA4,1620059792466165,39.83,39.82,39.81,39.88,39.89,39.9,500,400,500,700,100,800,39.84
438,429,BRALPAACNPR7BR00,ALPA4,1620059792466479,39.83,39.82,39.81,39.88,39.89,39.9,500,400,500,700,100,400,39.84
439,429,BRALPAACNPR7BR00,ALPA4,1620059792467696,39.83,39.82,39.81,39.88,39.89,39.9,200,300,500,700,500,800,39.84
440,429,BRALPAACNPR7BR00,ALPA4,1620059805128945,39.83,39.82,39.81,39.87,39.88,39.89,900,100,500,1200,700,500,39.83
441,429,BRALPAACNPR7BR00,ALPA4,1620059805129467,39.83,39.81,39.8,39.87,39.88,39.89,900,500,1800,1200,700,500,39.83
442,429,BRALPAACNPR7BR00,ALPA4,1620059805130696,39.83,39.81,39.8,39.86,39.87,39.88,100,500,1800,400,1200,700,39.83
443,429,BRALPAACNPR7BR00,ALPA4,1620059805130848,39.83,39.81,39.8,39.86,39.87,39.88,100,400,1800,400,1200,700,39.83
444,429,BRALPAACNPR7BR00,ALPA4,1620059805131603,39.8,39.79,39.78,39.86,39.87,39.88,1300,500,200,700,1300,700,39.83
445,429,BRALPAACNPR7BR00,ALPA4,1620059805131702,39.8,39.79,39.78,39.86,39.87,39.88,800,500,200,700,1300,700,39.83
446,429,BRALPAACNPR7BR00,ALPA4,1620059805133024,39.81,39.8,39.79,39.86,39.87,39.88,600,800,100,700,1300,700,39.83
447,429,BRALPAACNPR7BR00,ALPA4,1620059805133622,39.81,39.8,39.79,39.86,39.87,39.88,600,800,100,700,1300,700,39.83
448,429,BRALPAACNPR7BR00,ALPA4,1620059805134813,39.81,39.8,39.79,39.86,39.87,39.88,700,700,100,700,1300,700,39.83
449,429,BRALPAACNPR7BR00,ALPA4,1620059805136098,39.81,39.8,39.79,39.86,39.87,39.88,100,700,100,700,1300,700,39.83
450,429,BRALPAACNPR7BR00,ALPA4,1620059805137323,39.8,39.79,39.78,39.86,39.87,39.88,800,100,200,700,1300,700,39.83
451,429,BRALPAACNPR7BR00,ALPA4,1620059813108036,39.81,39.8,39.79,39.85,39.86,39.87,400,600,500,200,700,800,39.83
452,429,BRALPAACNPR7BR00,ALPA4,1620059813109379,39.81,39.8,39.79,39.85,39.86,39.87,900,1100,400,200,200,400,39.83
453,429,BRALPAACNPR7BR00,ALPA4,1620059813110096,39.82,39.81,39.8,39.85,39.86,39.87,400,900,1100,200,200,400,39.83
454,429,BRALPAACNPR7BR00,ALPA4,1620059813110119,39.82,39.81,39.8,39.85,39.86,39.87,400,900,1100,200,200,400,39.83
455,429,BRALPAACNPR7BR00,ALPA4,1620059817971553,39.81,39.8,39.79,39.86,39.87,39.88,100,300,600,700,1400,400,39.82
456,429,BRALPAACNPR7BR00,ALPA4,1620059817972795,39.8,39.79,39.78,39.86,39.87,39.88,400,600,300,700,1400,400,39.82
457,429,BRALPAACNPR7BR00,ALPA4,1620059830846773,39.81,39.8,39.79,39.84,39.85,39.86,100,200,400,1200,700,800,39.8
458,429,BRALPAACNPR7BR00,ALPA4,1620059830848373,39.81,39.8,39.79,39.84,39.85,39.86,200,100,400,1200,700,800,39.8
459,429,BRALPAACNPR7BR00,ALPA4,1620059835317669,39.8,39.78,39.76,39.82,39.83,39.84,300,300,1300,600,600,100,39.81
460,429,BRALPAACNPR7BR00,ALPA4,1620059835317793,39.8,39.78,39.76,39.82,39.84,39.85,300,300,1300,700,100,700,39.81
461,429,BRALPAACNPR7BR00,ALPA4,1620059835318638,39.8,39.78,39.76,39.82,39.84,39.85,300,300,1300,700,100,700,39.81
462,429,BRALPAACNPR7BR00,ALPA4,1620059835319863,39.8,39.78,39.76,39.82,39.84,39.85,400,300,1300,700,200,700,39.81
463,429,BRALPAACNPR7BR00,ALPA4,1620059838344917,39.8,39.78,39.77,39.81,39.82,39.84,100,100,400,700,500,100,39.8
464,429,BRALPAACNPR7BR00,ALPA4,1620059838346239,39.78,39.77,39.76,39.81,39.82,39.84,200,400,1400,700,500,100,39.8
465,429,BRALPAACNPR7BR00,ALPA4,1620059843748031,39.79,39.78,39.77,39.82,39.84,39.85,400,500,400,500,100,200,39.81
466,429,BRALPAACNPR7BR00,ALPA4,1620059843749302,39.79,39.78,39.77,39.82,39.84,39.85,800,400,400,500,100,200,39.81
467,429,BRALPAACNPR7BR00,ALPA4,1620059861446336,39.78,39.77,39.76,39.79,39.81,39.82,1200,500,1300,100,100,1000,39.79
468,429,BRALPAACNPR7BR00,ALPA4,1620059861446552,39.78,39.77,39.76,39.79,39.81,39.82,1200,500,1300,100,100,1000,39.79
469,429,BRALPAACNPR7BR00,ALPA4,1620059861447333,39.78,39.77,39.76,39.79,39.81,39.82,1200,400,1300,100,100,1000,39.79
470,429,BRALPAACNPR7BR00,ALPA4,1620059861448712,39.78,39.76,39.74,39.79,39.81,39.82,1200,1400,200,100,100,1000,39.79
471,429,BRALPAACNPR7BR00,ALPA4,1620059862322922,39.79,39.78,39.77,39.81,39.84,39.85,400,400,100,100,100,300,39.79
472,429,BRALPAACNPR7BR00,ALPA4,1620059862324211,39.79,39.78,39.77,39.81,39.84,39.85,600,300,100,100,200,700,39.79
473,429,BRALPAACNPR7BR00,ALPA4,1620059865014129,39.79,39.78,39.77,39.83,39.84,39.85,100,200,500,500,400,700,39.83
474,429,BRALPAACNPR7BR00,ALPA4,1620059865015383,39.79,39.78,39.77,39.83,39.84,39.85,100,300,500,400,400,700,39.83
475,429,BRALPAACNPR7BR00,ALPA4,1620059875456612,39.79,39.78,39.77,39.82,39.83,39.84,400,800,900,100,300,700,39.8
476,429,BRALPAACNPR7BR00,ALPA4,1620059875458857,39.79,39.78,39.77,39.83,39.84,39.85,600,800,900,300,300,700,39.8
477,429,BRALPAACNPR7BR00,ALPA4,1620059888084713,39.79,39.78,39.77,39.82,39.83,39.84,100,500,700,400,100,700,39.83
478,429,BRALPAACNPR7BR00,ALPA4,1620059888086004,39.78,39.77,39.76,39.82,39.83,39.84,100,300,1200,400,100,700,39.83
479,429,BRALPAACNPR7BR00,ALPA4,1620059888086353,39.78,39.77,39.76,39.82,39.83,39.84,100,300,1200,500,100,700,39.83
480,429,BRALPAACNPR7BR00,ALPA4,1620059888087471,39.78,39.77,39.76,39.82,39.83,39.84,100,300,1600,500,500,700,39.83
481,429,BRALPAACNPR7BR00,ALPA4,1620059888087955,39.78,39.77,39.76,39.82,39.83,39.84,100,300,1700,500,500,700,39.83
482,429,BRALPAACNPR7BR00,ALPA4,1620059888089068,39.78,39.77,39.76,39.82,39.83,39.84,200,200,1700,400,500,700,39.83
483,429,BRALPAACNPR7BR00,ALPA4,1620059897749639,39.77,39.76,39.75,39.8,39.83,39.84,200,1700,100,400,100,700,39.78
484,429,BRALPAACNPR7BR00,ALPA4,1620059897749806,39.77,39.76,39.75,39.8,39.83,39.84,200,1700,100,200,100,700,39.78
485,429,BRALPAACNPR7BR00,ALPA4,1620059897750613,39.77,39.76,39.75,39.8,39.83,39.84,200,1300,100,200,100,700,39.78
486,429,BRALPAACNPR7BR00,ALPA4,1620059897751928,39.77,39.76,39.75,39.8,39.82,39.83,400,1300,100,200,400,600,39.78
487,429,BRALPAACNPR7BR00,ALPA4,1620059903240756,39.78,39.77,39.76,39.8,39.83,39.84,400,700,1300,400,100,400,39.79
488,429,BRALPAACNPR7BR00,ALPA4,1620059903242079,39.78,39.77,39.76,39.8,39.83,39.84,600,600,1300,400,100,400,39.79
489,429,BRALPAACNPR7BR00,ALPA4,1620059905369761,39.77,39.76,39.75,39.8,39.83,39.84,600,1100,500,900,100,400,39.78
490,429,BRALPAACNPR7BR00,ALPA4,1620059905369879,39.77,39.76,39.75,39.8,39.83,39.84,600,1100,500,900,100,400,39.78
491,429,BRALPAACNPR7BR00,ALPA4,1620059905370742,39.77,39.76,39.75,39.8,39.83,39.84,500,1100,500,900,100,400,39.78
492,429,BRALPAACNPR7BR00,ALPA4,1620059905371869,39.77,39.76,39.75,39.8,39.83,39.84,600,1100,500,900,100,400,39.78
493,429,BRALPAACNPR7BR00,ALPA4,1620059908063761,39.78,39.77,39.76,39.8,39.83,39.84,100,700,1100,900,100,400,39.78
494,429,BRALPAACNPR7BR00,ALPA4,1620059908065102,39.78,39.77,39.76,39.8,39.83,39.84,200,600,500,900,100,400,39.78
495,429,BRALPAACNPR7BR00,ALPA4,1620059910070211,39.78,39.77,39.76,39.8,39.81,39.83,400,300,1100,800,200,100,39.78
496,429,BRALPAACNPR7BR00,ALPA4,1620059910070804,39.78,39.77,39.76,39.8,39.81,39.83,300,300,1100,800,200,100,39.78
497,429,BRALPAACNPR7BR00,ALPA4,1620059910072848,39.78,39.77,39.76,39.8,39.81,39.83,400,300,1100,800,200,100,39.78
498,429,BRALPAACNPR7BR00,ALPA4,1620059913279408,39.77,39.76,39.75,39.8,39.81,39.83,200,1100,500,800,200,100,39.77
499,429,BRALPAACNPR7BR00,ALPA4,1620059913279506,39.77,39.76,39.75,39.8,39.81,39.83,200,1100,500,800,200,100,39.77
500,511,BRALSOACNOR5BR00,ALSO3,1620059733389874,26.32,26.31,26.3,26.35,26.36,26.37,1900,2300,1800,800,1400,3800,26.32
501,511,BRALSOACNOR5BR00,ALSO3,1620059733389895,26.32,26.31,26.3,26.35,26.36,26.37,1900,2300,1800,800,1400,3800,26.32
502,511,BRALSOACNOR5BR00,ALSO3,1620059733390727,26.33,26.32,26.31,26.35,26.36,26.37,200,1900,2300,800,1400,3800,26.32
503,511,BRALSOACNOR5BR00,ALSO3,1620059733390745,26.33,26.32,26.31,26.35,26.36,26.37,200,1900,2300,800,1400,3800,26.32
504,511,BRALSOACNOR5BR00,ALSO3,1620059733391605,26.33,26.32,26.31,26.35,26.36,26.37,300,1900,2300,800,1400,3800,26.32
505,511,BRALSOACNOR5BR00,ALSO3,1620059733391629,26.33,26.32,26.31,26.35,26.36,26.37,300,1900,2300,800,1400,3800,26.32
506,511,BRALSOACNOR5BR00,ALSO3,1620059733391763,26.33,26.32,26.31,26.35,26.36,26.37,400,1900,2300,800,1400,3800,26.32
507,511,BRALSOACNOR5BR00,ALSO3,1620059733391781,26.33,26.32,26.31,26.35,26.36,26.37,400,1900,2300,800,1400,3800,26.32
508,511,BRALSOACNOR5BR00,ALSO3,1620059733392239,26.33,26.32,26.31,26.35,26.36,26.37,400,1900,2300,800,1300,3800,26.32
509,511,BRALSOACNOR5BR00,ALSO3,1620059733392256,26.33,26.32,26.31,26.35,26.36,26.37,400,1900,2300,800,1300,3800,26.32
510,511,BRALSOACNOR5BR00,ALSO3,1620059733416314,26.33,26.32,26.31,26.35,26.36,26.37,1300,1000,2300,800,1300,3800,26.32
511,511,BRALSOACNOR5BR00,ALSO3,1620059733416334,26.33,26.32,26.31,26.35,26.36,26.37,1300,1000,2300,800,1300,3800,26.32
512,511,BRALSOACNOR5BR00,ALSO3,1620059733416975,26.33,26.32,26.31,26.35,26.36,26.37,1300,1000,2300,800,1300,2900,26.32
513,511,BRALSOACNOR5BR00,ALSO3,1620059733417008,26.33,26.32,26.31,26.35,26.36,26.37,1300,1000,2300,800,1300,2900,26.32
514,511,BRALSOACNOR5BR00,ALSO3,1620059733417026,26.33,26.32,26.31,26.35,26.36,26.37,1300,1000,2300,800,1300,2700,26.32
515,511,BRALSOACNOR5BR00,ALSO3,1620059733417042,26.33,26.32,26.31,26.35,26.36,26.37,1300,1000,2300,800,1300,2700,26.32
516,511,BRALSOACNOR5BR00,ALSO3,1620059733417730,26.33,26.32,26.31,26.35,26.36,26.37,1300,1000,2300,700,1300,2700,26.32
517,511,BRALSOACNOR5BR00,ALSO3,1620059733417748,26.33,26.32,26.31,26.35,26.36,26.37,1300,1000,2300,700,1300,2700,26.32
518,511,BRALSOACNOR5BR00,ALSO3,1620059733417882,26.33,26.32,26.31,26.35,26.36,26.37,1300,1000,2300,800,1300,2700,26.32
519,511,BRALSOACNOR5BR00,ALSO3,1620059733417900,26.33,26.32,26.31,26.35,26.36,26.37,1300,1000,2300,800,1300,2700,26.32
520,511,BRALSOACNOR5BR00,ALSO3,1620059733418062,26.33,26.32,26.31,26.35,26.36,26.37,1400,900,2300,800,1300,2700,26.32
521,511,BRALSOACNOR5BR00,ALSO3,1620059733418079,26.33,26.32,26.31,26.35,26.36,26.37,1400,900,2300,800,1300,2700,26.32
522,511,BRALSOACNOR5BR00,ALSO3,1620059733418575,26.33,26.32,26.31,26.35,26.36,26.37,1400,900,2300,600,1500,2700,26.32
523,511,BRALSOACNOR5BR00,ALSO3,1620059733418598,26.33,26.32,26.31,26.35,26.36,26.37,1400,900,2300,600,1500,2700,26.32
524,511,BRALSOACNOR5BR00,ALSO3,1620059733418625,26.33,26.32,26.31,26.35,26.36,26.37,1400,900,2300,600,1500,2700,26.32
525,511,BRALSOACNOR5BR00,ALSO3,1620059733418651,26.33,26.32,26.31,26.35,26.36,26.37,1400,900,2300,600,1500,2700,26.32
526,511,BRALSOACNOR5BR00,ALSO3,1620059733419432,26.33,26.32,26.31,26.35,26.36,26.37,1400,900,2300,700,1500,2700,26.32
527,511,BRALSOACNOR5BR00,ALSO3,1620059733419456,26.33,26.32,26.31,26.35,26.36,26.37,1400,900,2300,700,1500,2700,26.32
528,511,BRALSOACNOR5BR00,ALSO3,1620059733419483,26.33,26.32,26.31,26.35,26.36,26.37,1400,900,2300,800,1500,2700,26.32
529,511,BRALSOACNOR5BR00,ALSO3,1620059733419500,26.33,26.32,26.31,26.35,26.36,26.37,1400,900,2300,800,1500,2700,26.32
530,511,BRALSOACNOR5BR00,ALSO3,1620059733550780,26.33,26.32,26.31,26.35,26.36,26.37,1400,1000,2300,800,1500,2700,26.32
531,511,BRALSOACNOR5BR00,ALSO3,1620059733550798,26.33,26.32,26.31,26.35,26.36,26.37,1400,1000,2300,800,1500,2700,26.32
532,511,BRALSOACNOR5BR00,ALSO3,1620059733551421,26.33,26.32,26.31,26.35,26.36,26.37,1300,1000,2300,800,1500,2700,26.32
533,511,BRALSOACNOR5BR00,ALSO3,1620059733551437,26.33,26.32,26.31,26.35,26.36,26.37,1300,1000,2300,800,1500,2700,26.32
534,511,BRALSOACNOR5BR00,ALSO3,1620059734415789,26.33,26.32,26.31,26.35,26.36,26.37,1300,1100,2200,800,1500,2700,26.32
535,511,BRALSOACNOR5BR00,ALSO3,1620059734415808,26.33,26.32,26.31,26.35,26.36,26.37,1300,1100,2200,800,1500,2700,26.32
536,511,BRALSOACNOR5BR00,ALSO3,1620059735922921,26.33,26.32,26.31,26.35,26.36,26.37,1300,1200,2100,800,1500,2700,26.32
537,511,BRALSOACNOR5BR00,ALSO3,1620059735922947,26.33,26.32,26.31,26.35,26.36,26.37,1300,1200,2100,800,1500,2700,26.32
538,511,BRALSOACNOR5BR00,ALSO3,1620059736121348,26.33,26.32,26.31,26.35,26.36,26.37,1300,1500,2100,800,1500,2700,26.32
539,511,BRALSOACNOR5BR00,ALSO3,1620059736121376,26.33,26.32,26.31,26.35,26.36,26.37,1300,1500,2100,800,1500,2700,26.32
540,511,BRALSOACNOR5BR00,ALSO3,1620059736121477,26.33,26.32,26.31,26.35,26.36,26.37,1500,1500,2100,800,1500,2700,26.32
541,511,BRALSOACNOR5BR00,ALSO3,1620059736121509,26.33,26.32,26.31,26.35,26.36,26.37,1500,1500,2100,800,1500,2700,26.32
542,511,BRALSOACNOR5BR00,ALSO3,1620059736122331,26.33,26.32,26.31,26.35,26.36,26.37,1500,1500,2100,700,1500,2700,26.32
543,511,BRALSOACNOR5BR00,ALSO3,1620059736122351,26.33,26.32,26.31,26.35,26.36,26.37,1500,1500,2100,700,1500,2700,26.32
544,511,BRALSOACNOR5BR00,ALSO3,1620059736122509,26.33,26.32,26.31,26.35,26.36,26.37,1500,1500,2100,500,1500,2700,26.32
545,511,BRALSOACNOR5BR00,ALSO3,1620059736122530,26.33,26.32,26.31,26.35,26.36,26.37,1500,1500,2100,500,1500,2700,26.32
546,511,BRALSOACNOR5BR00,ALSO3,1620059736122925,26.33,26.32,26.31,26.35,26.36,26.37,1500,1500,2100,200,1500,2700,26.32
547,511,BRALSOACNOR5BR00,ALSO3,1620059736122952,26.33,26.32,26.31,26.35,26.36,26.37,1500,1500,2100,200,1500,2700,26.32
548,511,BRALSOACNOR5BR00,ALSO3,1620059736123095,26.33,26.32,26.31,26.35,26.36,26.37,1500,1500,2100,100,1500,2700,26.32
549,511,BRALSOACNOR5BR00,ALSO3,1620059736123113,26.33,26.32,26.31,26.35,26.36,26.37,1500,1500,2100,100,1500,2700,26.32
550,511,BRALSOACNOR5BR00,ALSO3,1620059736125441,26.33,26.32,26.31,26.35,26.36,26.37,1500,2200,2100,100,1500,2700,26.32
551,511,BRALSOACNOR5BR00,ALSO3,1620059736126656,26.33,26.32,26.31,26.35,26.36,26.37,1500,2200,2100,200,1000,2700,26.32
552,511,BRALSOACNOR5BR00,ALSO3,1620059742636152,26.33,26.32,26.31,26.34,26.35,26.36,1700,2200,2000,100,600,1500,26.32
553,511,BRALSOACNOR5BR00,ALSO3,1620059742636174,26.33,26.32,26.31,26.34,26.35,26.36,1700,2200,2000,100,600,1500,26.32
554,511,BRALSOACNOR5BR00,ALSO3,1620059744366349,26.32,26.31,26.3,26.33,26.34,26.35,700,1900,800,300,700,1100,26.32
555,511,BRALSOACNOR5BR00,ALSO3,1620059744367710,26.31,26.3,26.29,26.33,26.34,26.35,1900,700,3200,700,1600,1000,26.32
556,511,BRALSOACNOR5BR00,ALSO3,1620059759278780,26.31,26.3,26.29,26.32,26.33,26.34,1600,200,3100,100,2600,2000,26.32
557,511,BRALSOACNOR5BR00,ALSO3,1620059759281380,26.31,26.3,26.29,26.32,26.33,26.34,1600,100,3100,500,2800,2000,26.32
558,511,BRALSOACNOR5BR00,ALSO3,1620059760389336,26.3,26.29,26.28,26.31,26.32,26.33,400,3100,3100,300,600,3400,26.31
559,511,BRALSOACNOR5BR00,ALSO3,1620059760389364,26.3,26.29,26.28,26.31,26.32,26.33,400,3100,3100,300,600,3400,26.31
560,511,BRALSOACNOR5BR00,ALSO3,1620059769449021,26.29,26.28,26.27,26.3,26.31,26.32,2700,100,700,200,900,2700,26.3
561,511,BRALSOACNOR5BR00,ALSO3,1620059769449050,26.29,26.28,26.27,26.3,26.31,26.32,2700,100,700,200,900,2700,26.3
562,511,BRALSOACNOR5BR00,ALSO3,1620059769558754,26.28,26.27,26.26,26.29,26.3,26.31,100,900,2800,100,500,1300,26.3
563,511,BRALSOACNOR5BR00,ALSO3,1620059769560410,26.28,26.27,26.26,26.29,26.3,26.31,100,900,2800,200,700,1300,26.3
564,511,BRALSOACNOR5BR00,ALSO3,1620059770040915,26.27,26.26,26.25,26.28,26.29,26.3,3500,900,2600,100,500,1200,26.3
565,511,BRALSOACNOR5BR00,ALSO3,1620059770040932,26.27,26.26,26.25,26.28,26.29,26.3,3500,900,2600,100,500,1200,26.3
566,511,BRALSOACNOR5BR00,ALSO3,1620059776944722,26.27,26.26,26.25,26.29,26.3,26.31,2800,1100,2500,100,2000,2100,26.28
567,511,BRALSOACNOR5BR00,ALSO3,1620059776947055,26.27,26.26,26.25,26.3,26.31,26.32,2800,1100,2500,2100,2100,3100,26.28
568,511,BRALSOACNOR5BR00,ALSO3,1620059777931332,26.27,26.26,26.25,26.29,26.3,26.31,2900,800,2800,100,1200,2300,26.28
569,511,BRALSOACNOR5BR00,ALSO3,1620059777932698,26.27,26.26,26.25,26.29,26.3,26.31,2900,800,2600,200,1200,2300,26.28
570,511,BRALSOACNOR5BR00,ALSO3,1620059778017334,26.27,26.26,26.25,26.29,26.3,26.31,3100,800,2600,100,1200,2300,26.28
571,511,BRALSOACNOR5BR00,ALSO3,1620059778018506,26.27,26.26,26.25,26.3,26.31,26.32,3100,800,2600,1300,2300,3100,26.28
572,511,BRALSOACNOR5BR00,ALSO3,1620059778326743,26.27,26.26,26.25,26.29,26.3,26.31,2700,900,2700,100,1300,2300,26.27
573,511,BRALSOACNOR5BR00,ALSO3,1620059778326768,26.27,26.26,26.25,26.29,26.3,26.31,2700,900,2700,100,1300,2300,26.27
574,511,BRALSOACNOR5BR00,ALSO3,1620059795993939,26.27,26.26,26.25,26.28,26.29,26.3,2300,1500,2500,100,200,1900,26.27
575,511,BRALSOACNOR5BR00,ALSO3,1620059795995208,26.27,26.26,26.25,26.28,26.29,26.3,2300,1500,2500,100,200,1800,26.28
576,511,BRALSOACNOR5BR00,ALSO3,1620059795996020,26.27,26.26,26.25,26.29,26.3,26.31,2300,1500,2500,200,1800,2300,26.28
577,511,BRALSOACNOR5BR00,ALSO3,1620059795996325,26.27,26.26,26.25,26.29,26.3,26.31,2300,1500,2500,200,1800,2300,26.28
578,511,BRALSOACNOR5BR00,ALSO3,1620059795996398,26.27,26.26,26.25,26.28,26.29,26.3,2300,1500,2500,100,100,1800,26.28
579,511,BRALSOACNOR5BR00,ALSO3,1620059795997610,26.27,26.26,26.25,26.28,26.29,26.3,2300,1500,2500,100,100,1800,26.28
580,511,BRALSOACNOR5BR00,ALSO3,1620059795998476,26.27,26.26,26.25,26.29,26.3,26.31,2300,1500,2500,100,1800,2300,26.28
581,511,BRALSOACNOR5BR00,ALSO3,1620059795998723,26.27,26.26,26.25,26.29,26.3,26.31,2300,1500,2500,100,1800,2300,26.28
582,511,BRALSOACNOR5BR00,ALSO3,1620059796496271,26.27,26.26,26.25,26.29,26.3,26.31,2400,1500,2500,100,1800,2300,26.28
583,511,BRALSOACNOR5BR00,ALSO3,1620059796496307,26.27,26.26,26.25,26.29,26.3,26.31,3300,1500,2500,100,1800,2300,26.28
584,511,BRALSOACNOR5BR00,ALSO3,1620059796497001,26.27,26.26,26.25,26.29,26.3,26.31,3300,1500,2500,100,1300,2300,26.28
585,511,BRALSOACNOR5BR00,ALSO3,1620059796497025,26.27,26.26,26.25,26.29,26.3,26.31,3300,1500,2500,100,1300,2300,26.28
586,511,BRALSOACNOR5BR00,ALSO3,1620059796500010,26.27,26.26,26.25,26.29,26.3,26.31,3300,1500,2500,200,1300,2300,26.28
587,511,BRALSOACNOR5BR00,ALSO3,1620059796500029,26.27,26.26,26.25,26.29,26.3,26.31,3300,1500,2500,200,1300,2300,26.28
588,511,BRALSOACNOR5BR00,ALSO3,1620059797499037,26.27,26.26,26.25,26.29,26.3,26.31,3300,1500,2500,200,1300,2300,26.28
589,511,BRALSOACNOR5BR00,ALSO3,1620059797500283,26.27,26.26,26.25,26.29,26.3,26.31,3300,1500,2500,300,1300,2300,26.28
590,511,BRALSOACNOR5BR00,ALSO3,1620059800264093,26.27,26.26,26.25,26.3,26.31,26.32,3300,1500,2500,800,2300,2700,26.29
591,511,BRALSOACNOR5BR00,ALSO3,1620059800264278,26.27,26.26,26.25,26.3,26.31,26.32,3300,1500,2500,800,2300,2700,26.29
592,511,BRALSOACNOR5BR00,ALSO3,1620059800264806,26.27,26.26,26.25,26.3,26.31,26.32,3300,1500,2500,800,1500,2700,26.29
593,511,BRALSOACNOR5BR00,ALSO3,1620059800266001,26.27,26.26,26.25,26.3,26.31,26.32,3400,1700,2500,400,1300,2900,26.29
594,511,BRALSOACNOR5BR00,ALSO3,1620059803059696,26.27,26.26,26.25,26.29,26.3,26.31,3700,1200,2500,100,900,1300,26.29
595,511,BRALSOACNOR5BR00,ALSO3,1620059803060861,26.27,26.26,26.25,26.29,26.3,26.31,3700,1200,2500,200,1000,1300,26.29
596,511,BRALSOACNOR5BR00,ALSO3,1620059807597606,26.28,26.27,26.26,26.3,26.31,26.32,1700,2800,900,600,1300,2700,26.29
597,511,BRALSOACNOR5BR00,ALSO3,1620059807597762,26.28,26.27,26.26,26.3,26.31,26.32,1700,2800,900,600,1300,2700,26.29
598,511,BRALSOACNOR5BR00,ALSO3,1620059807599821,26.28,26.27,26.26,26.3,26.31,26.32,1700,2800,900,400,1300,2700,26.29
599,511,BRALSOACNOR5BR00,ALSO3,1620059807601165,26.28,26.27,26.26,26.3,26.31,26.32,1700,2800,900,400,1300,2700,26.29
600,511,BRALSOACNOR5BR00,ALSO3,1620059807607504,26.28,26.27,26.26,26.3,26.31,26.32,1700,2800,900,100,1600,2700,26.29
601,511,BRALSOACNOR5BR00,ALSO3,1620059807608670,26.28,26.27,26.26,26.31,26.32,26.33,1700,2800,900,1700,2700,3000,26.29
602,511,BRALSOACNOR5BR00,ALSO3,1620059811098720,26.28,26.27,26.26,26.3,26.31,26.32,4300,2700,900,100,1200,2300,26.29
603,511,BRALSOACNOR5BR00,ALSO3,1620059811099992,26.28,26.27,26.26,26.3,26.31,26.32,4300,2500,900,200,1100,2300,26.29
604,511,BRALSOACNOR5BR00,ALSO3,1620059814298810,26.28,26.27,26.26,26.29,26.3,26.31,4000,2900,1100,100,400,900,26.29
605,511,BRALSOACNOR5BR00,ALSO3,1620059814300434,26.28,26.27,26.26,26.29,26.3,26.31,4000,2900,1100,100,500,900,26.29
606,511,BRALSOACNOR5BR00,ALSO3,1620059814300994,26.28,26.27,26.26,26.29,26.3,26.31,4000,2900,1100,100,800,600,26.29
607,511,BRALSOACNOR5BR00,ALSO3,1620059814301433,26.28,26.27,26.26,26.29,26.3,26.31,4000,2900,1100,100,700,600,26.29
608,511,BRALSOACNOR5BR00,ALSO3,1620059814302031,26.28,26.27,26.26,26.29,26.3,26.31,4000,2900,1100,100,500,600,26.29
609,511,BRALSOACNOR5BR00,ALSO3,1620059814303190,26.28,26.27,26.26,26.29,26.3,26.31,4000,2900,1100,200,500,600,26.29
610,511,BRALSOACNOR5BR00,ALSO3,1620059814304210,26.28,26.27,26.26,26.3,26.31,26.32,4000,2900,1100,700,600,2300,26.29
611,511,BRALSOACNOR5BR00,ALSO3,1620059814304351,26.28,26.27,26.26,26.3,26.31,26.32,4000,2900,1100,700,600,2300,26.29
612,511,BRALSOACNOR5BR00,ALSO3,1620059814304934,26.28,26.27,26.26,26.3,26.31,26.32,4000,2900,1100,500,600,2300,26.29
613,511,BRALSOACNOR5BR00,ALSO3,1620059814306110,26.28,26.27,26.26,26.3,26.31,26.32,4000,2900,1100,600,600,2300,26.29
614,511,BRALSOACNOR5BR00,ALSO3,1620059814602100,26.28,26.27,26.26,26.3,26.31,26.32,4000,2900,1100,300,900,2300,26.3
615,674,BRALUPCDAM15BR00,ALUP11,1620059733501283,26.99,26.98,26.97,27.0,27.01,27.02,400,500,500,400,500,2800,26.99
616,674,BRALUPCDAM15BR00,ALUP11,1620059733501300,26.99,26.98,26.97,27.0,27.01,27.02,400,500,500,400,500,2800,26.99
617,674,BRALUPCDAM15BR00,ALUP11,1620059733508363,26.99,26.98,26.97,27.0,27.01,27.02,400,500,500,500,500,2800,26.99
618,674,BRALUPCDAM15BR00,ALUP11,1620059733508385,26.99,26.98,26.97,27.0,27.01,27.02,400,500,500,500,500,2800,26.99
619,674,BRALUPCDAM15BR00,ALUP11,1620059733509037,26.99,26.98,26.97,27.0,27.01,27.02,400,300,500,500,500,2800,26.99
620,674,BRALUPCDAM15BR00,ALUP11,1620059733509054,26.99,26.98,26.97,27.0,27.01,27.02,400,300,500,500,500,2800,26.99
621,674,BRALUPCDAM15BR00,ALUP11,1620059739566506,26.99,26.98,26.97,27.0,27.01,27.02,400,300,500,600,500,2800,26.99
622,674,BRALUPCDAM15BR00,ALUP11,1620059739578827,26.99,26.98,26.97,27.0,27.01,27.02,400,300,500,700,500,2800,26.99
623,674,BRALUPCDAM15BR00,ALUP11,1620059763313606,26.98,26.97,26.96,26.99,27.0,27.01,200,500,700,100,700,500,26.99
624,674,BRALUPCDAM15BR00,ALUP11,1620059763315042,26.97,26.96,26.95,26.99,27.0,27.01,300,500,3000,400,700,600,26.99
625,674,BRALUPCDAM15BR00,ALUP11,1620059763317316,26.97,26.96,26.95,26.98,26.99,27.0,100,500,2900,200,500,1800,26.99
626,674,BRALUPCDAM15BR00,ALUP11,1620059763318532,26.97,26.96,26.95,26.98,26.99,27.0,100,300,2900,500,500,1800,26.99
627,674,BRALUPCDAM15BR00,ALUP11,1620059763417368,26.97,26.96,26.95,26.98,26.99,27.0,100,300,2900,200,400,1700,26.98
628,674,BRALUPCDAM15BR00,ALUP11,1620059763418014,26.97,26.96,26.95,26.98,26.99,27.0,100,300,2900,200,400,1700,26.98
629,674,BRALUPCDAM15BR00,ALUP11,1620059763419131,26.97,26.96,26.95,26.98,26.99,27.0,100,500,2900,300,400,1700,26.98
630,674,BRALUPCDAM15BR00,ALUP11,1620059785468840,26.96,26.95,26.94,26.97,26.98,26.99,200,1000,700,100,500,500,26.97
631,674,BRALUPCDAM15BR00,ALUP11,1620059785470888,26.96,26.95,26.94,26.97,26.98,26.99,200,1000,500,200,400,600,26.97
632,674,BRALUPCDAM15BR00,ALUP11,1620059785561226,26.96,26.95,26.94,26.98,26.99,27.0,100,1000,500,400,600,1800,26.97
633,674,BRALUPCDAM15BR00,ALUP11,1620059785561254,26.96,26.95,26.94,26.98,26.99,27.0,100,1000,500,400,600,1800,26.97
634,674,BRALUPCDAM15BR00,ALUP11,1620059785561436,26.96,26.95,26.94,26.98,26.99,27.0,100,1000,500,400,600,1800,26.97
635,674,BRALUPCDAM15BR00,ALUP11,1620059785562002,26.96,26.95,26.94,26.98,26.99,27.0,100,1000,500,400,600,1700,26.97
636,674,BRALUPCDAM15BR00,ALUP11,1620059785562040,26.96,26.95,26.94,26.98,26.99,27.0,100,1000,500,400,600,1700,26.97
637,674,BRALUPCDAM15BR00,ALUP11,1620059785562198,26.96,26.95,26.94,26.98,26.99,27.0,100,1000,500,400,600,1800,26.97
638,674,BRALUPCDAM15BR00,ALUP11,1620059785562223,26.96,26.95,26.94,26.98,26.99,27.0,100,1000,500,400,600,1800,26.97
639,674,BRALUPCDAM15BR00,ALUP11,1620059785586364,26.96,26.95,26.94,26.98,26.99,27.0,100,900,500,400,600,1800,26.97
640,674,BRALUPCDAM15BR00,ALUP11,1620059785586384,26.96,26.95,26.94,26.98,26.99,27.0,100,900,500,400,600,1800,26.97
641,674,BRALUPCDAM15BR00,ALUP11,1620059785623932,26.96,26.95,26.94,26.98,26.99,27.0,400,900,500,400,600,1800,26.97
642,674,BRALUPCDAM15BR00,ALUP11,1620059785623951,26.96,26.95,26.94,26.98,26.99,27.0,400,900,500,400,600,1800,26.97
643,674,BRALUPCDAM15BR00,ALUP11,1620059785624580,26.96,26.95,26.94,26.98,26.99,27.0,400,900,500,400,500,1800,26.97
644,674,BRALUPCDAM15BR00,ALUP11,1620059785624598,26.96,26.95,26.94,26.98,26.99,27.0,400,900,500,400,500,1800,26.97
645,674,BRALUPCDAM15BR00,ALUP11,1620059786697877,26.96,26.95,26.94,26.98,26.99,27.0,400,900,500,400,500,1900,26.97
646,674,BRALUPCDAM15BR00,ALUP11,1620059786699355,26.96,26.95,26.94,26.98,26.99,27.0,400,900,500,500,500,1900,26.97
647,674,BRALUPCDAM15BR00,ALUP11,1620059789290838,26.96,26.95,26.94,26.97,26.98,26.99,400,900,500,100,500,500,26.97
648,674,BRALUPCDAM15BR00,ALUP11,1620059789292025,26.96,26.95,26.94,26.97,26.98,26.99,400,900,500,200,400,500,26.97
649,674,BRALUPCDAM15BR00,ALUP11,1620059804768977,26.95,26.94,26.93,26.96,26.97,26.98,1200,500,600,100,200,400,26.97
650,674,BRALUPCDAM15BR00,ALUP11,1620059804770174,26.95,26.94,26.93,26.96,26.97,26.98,1100,400,600,200,100,400,26.97
651,674,BRALUPCDAM15BR00,ALUP11,1620059806224392,26.95,26.94,26.93,26.97,26.98,26.99,1100,400,700,100,400,500,26.96
652,674,BRALUPCDAM15BR00,ALUP11,1620059806224699,26.95,26.94,26.93,26.97,26.98,26.99,1100,400,700,100,400,500,26.96
653,674,BRALUPCDAM15BR00,ALUP11,1620059806225556,26.95,26.94,26.93,26.97,26.98,26.99,1200,400,700,100,400,500,26.96
654,674,BRALUPCDAM15BR00,ALUP11,1620059806233030,26.96,26.95,26.94,26.97,26.98,26.99,200,1200,400,100,400,500,26.96
655,674,BRALUPCDAM15BR00,ALUP11,1620059806235383,26.96,26.95,26.94,26.97,26.98,26.99,300,1200,400,100,400,500,26.96
656,674,BRALUPCDAM15BR00,ALUP11,1620059806238283,26.96,26.95,26.94,26.97,26.98,26.99,400,1200,400,200,400,500,26.96
657,674,BRALUPCDAM15BR00,ALUP11,1620059806239016,26.96,26.95,26.94,26.97,26.98,26.99,400,1200,400,200,400,500,26.96
658,674,BRALUPCDAM15BR00,ALUP11,1620059806239054,26.96,26.95,26.94,26.97,26.98,26.99,400,1200,400,200,400,500,26.96
659,674,BRALUPCDAM15BR00,ALUP11,1620059843767846,26.97,26.96,26.95,26.98,26.99,27.0,400,300,1000,100,400,1900,26.97
660,674,BRALUPCDAM15BR00,ALUP11,1620059843769107,26.97,26.96,26.95,26.99,27.0,27.01,400,500,1100,500,600,4000,26.97
661,674,BRALUPCDAM15BR00,ALUP11,1620059849190444,26.97,26.96,26.95,26.98,26.99,27.0,800,300,1100,200,400,500,26.97
662,674,BRALUPCDAM15BR00,ALUP11,1620059849191590,26.97,26.96,26.95,26.98,26.99,27.0,700,300,1100,300,300,600,26.97
663,674,BRALUPCDAM15BR00,ALUP11,1620059879124263,26.97,26.96,26.95,26.98,26.99,27.0,500,400,1000,100,500,1800,26.97
664,674,BRALUPCDAM15BR00,ALUP11,1620059879125603,26.97,26.96,26.95,26.99,27.0,27.01,500,400,1000,600,1800,2100,26.97
665,674,BRALUPCDAM15BR00,ALUP11,1620059879129129,26.97,26.96,26.95,26.98,26.99,27.0,500,400,1000,100,600,1800,26.97
666,674,BRALUPCDAM15BR00,ALUP11,1620059879130318,26.97,26.96,26.95,26.98,26.99,27.0,500,200,1000,200,500,1800,26.97
667,674,BRALUPCDAM15BR00,ALUP11,1620059933971742,26.96,26.95,26.94,26.97,26.98,26.99,500,1000,400,1800,300,500,26.97
668,674,BRALUPCDAM15BR00,ALUP11,1620059933973038,26.96,26.95,26.94,26.97,26.98,26.99,300,1000,400,1900,600,500,26.97
669,674,BRALUPCDAM15BR00,ALUP11,1620060024330170,26.95,26.94,26.93,26.97,26.98,26.99,800,400,800,1400,400,600,26.96
670,674,BRALUPCDAM15BR00,ALUP11,1620060024331554,26.95,26.94,26.93,26.96,26.97,26.98,800,400,800,400,1300,400,26.96
671,674,BRALUPCDAM15BR00,ALUP11,1620060029546552,26.95,26.94,26.93,26.96,26.97,26.98,700,200,800,200,1200,400,26.96
672,674,BRALUPCDAM15BR00,ALUP11,1620060029547189,26.95,26.94,26.93,26.96,26.97,26.98,700,200,800,200,1100,400,26.96
673,674,BRALUPCDAM15BR00,ALUP11,1620060029548358,26.95,26.94,26.93,26.96,26.97,26.98,700,200,800,300,1100,400,26.96
674,674,BRALUPCDAM15BR00,ALUP11,1620060097271258,26.94,26.93,26.92,26.96,26.97,26.98,200,800,600,600,200,500,26.95
675,674,BRALUPCDAM15BR00,ALUP11,1620060097272760,26.93,26.92,26.91,26.95,26.96,26.97,800,600,3900,100,600,200,26.95
676,674,BRALUPCDAM15BR00,ALUP11,1620060097302694,26.93,26.92,26.91,26.94,26.95,26.96,700,400,2600,200,400,600,26.95
677,674,BRALUPCDAM15BR00,ALUP11,1620060097303920,26.93,26.92,26.91,26.94,26.95,26.96,500,400,2600,300,300,600,26.95
678,674,BRALUPCDAM15BR00,ALUP11,1620060097650595,26.93,26.92,26.91,26.94,26.95,26.96,700,400,2600,200,100,500,26.94
679,674,BRALUPCDAM15BR00,ALUP11,1620060097652426,26.93,26.92,26.91,26.94,26.95,26.96,700,400,2600,100,100,500,26.94
680,674,BRALUPCDAM15BR00,ALUP11,1620060097776525,26.93,26.92,26.91,26.94,26.95,26.96,800,400,2600,300,100,300,26.94
681,674,BRALUPCDAM15BR00,ALUP11,1620060097777818,26.93,26.92,26.91,26.94,26.96,26.97,800,400,2600,400,300,400,26.94
682,674,BRALUPCDAM15BR00,ALUP11,1620060108068761,26.93,26.92,26.91,26.94,26.95,26.96,700,400,700,500,200,300,26.94
683,674,BRALUPCDAM15BR00,ALUP11,1620060108069855,26.93,26.92,26.91,26.94,26.95,26.96,700,400,700,400,200,300,26.94
684,674,BRALUPCDAM15BR00,ALUP11,1620060187817127,26.94,26.93,26.92,26.96,26.97,26.98,1000,600,500,300,200,600,26.94
685,674,BRALUPCDAM15BR00,ALUP11,1620060187818622,26.94,26.93,26.92,26.96,26.97,26.98,1000,600,500,500,200,600,26.94
686,674,BRALUPCDAM15BR00,ALUP11,1620060187819170,26.94,26.93,26.92,26.96,26.97,26.98,1000,600,500,600,200,600,26.94
687,674,BRALUPCDAM15BR00,ALUP11,1620060187820664,26.94,26.93,26.92,26.95,26.96,26.97,1000,600,400,100,500,300,26.94
688,674,BRALUPCDAM15BR00,ALUP11,1620060208468663,26.94,26.93,26.92,26.95,26.96,26.97,300,300,600,500,1200,400,26.94
689,674,BRALUPCDAM15BR00,ALUP11,1620060208469984,26.94,26.93,26.92,26.95,26.96,26.97,200,200,600,500,1300,400,26.94
690,674,BRALUPCDAM15BR00,ALUP11,1620060208470181,26.94,26.93,26.92,26.95,26.96,26.97,200,200,600,500,1300,400,26.94
691,674,BRALUPCDAM15BR00,ALUP11,1620060210305402,26.94,26.93,26.92,26.95,26.96,26.97,200,200,600,700,1300,400,26.94
692,674,BRALUPCDAM15BR00,ALUP11,1620060210307384,26.94,26.93,26.92,26.95,26.96,26.97,100,200,600,700,1300,500,26.94
693,674,BRALUPCDAM15BR00,ALUP11,1620060210307552,26.94,26.93,26.92,26.95,26.96,26.97,100,200,600,700,1300,500,26.94
694,674,BRALUPCDAM15BR00,ALUP11,1620060210312092,26.94,26.93,26.92,26.95,26.96,26.97,200,200,600,700,1300,500,26.94
695,674,BRALUPCDAM15BR00,ALUP11,1620060210313425,26.94,26.93,26.92,26.95,26.96,26.97,100,200,600,700,1300,500,26.94
696,674,BRALUPCDAM15BR00,ALUP11,1620060210313641,26.94,26.93,26.92,26.95,26.96,26.97,100,200,600,700,1300,500,26.94
697,674,BRALUPCDAM15BR00,ALUP11,1620060210332794,26.94,26.93,26.92,26.95,26.96,26.97,200,200,600,700,1300,500,26.94
698,674,BRALUPCDAM15BR00,ALUP11,1620060210334066,26.94,26.93,26.92,26.95,26.96,26.97,100,200,600,700,1300,500,26.94
699,674,BRALUPCDAM15BR00,ALUP11,1620060210334243,26.94,26.93,26.92,26.95,26.96,26.97,100,200,600,700,1300,500,26.94
700,674,BRALUPCDAM15BR00,ALUP11,1620060211395809,26.94,26.93,26.92,26.95,26.96,26.97,100,200,600,600,1300,500,26.95
701,674,BRALUPCDAM15BR00,ALUP11,1620060211396932,26.94,26.93,26.92,26.95,26.96,26.97,100,200,600,700,1300,500,26.95
702,674,BRALUPCDAM15BR00,ALUP11,1620060224522601,26.89,26.88,26.87,26.9,26.95,26.96,400,1600,700,600,600,300,26.9
703,674,BRALUPCDAM15BR00,ALUP11,1620060224525286,26.87,26.86,26.85,26.9,26.92,26.94,600,500,400,800,100,400,26.9
704,674,BRALUPCDAM15BR00,ALUP11,1620060224526416,26.87,26.86,26.85,26.9,26.91,26.94,600,400,400,300,200,400,26.9
705,674,BRALUPCDAM15BR00,ALUP11,1620060224526515,26.87,26.86,26.85,26.9,26.91,26.94,600,400,400,100,200,400,26.9
706,674,BRALUPCDAM15BR00,ALUP11,1620060224527865,26.88,26.87,26.86,26.9,26.94,26.95,100,500,400,200,600,800,26.9
707,674,BRALUPCDAM15BR00,ALUP11,1620060224569739,26.88,26.87,26.86,26.89,26.9,26.91,300,500,400,200,400,200,26.9
708,674,BRALUPCDAM15BR00,ALUP11,1620060224571057,26.88,26.87,26.86,26.89,26.9,26.91,300,500,400,300,300,200,26.9
709,674,BRALUPCDAM15BR00,ALUP11,1620060224646945,26.88,26.87,26.86,26.9,26.91,26.92,200,200,400,500,300,1500,26.89
710,674,BRALUPCDAM15BR00,ALUP11,1620060224647089,26.87,26.86,26.85,26.9,26.91,26.92,100,400,400,500,300,1500,26.87
711,674,BRALUPCDAM15BR00,ALUP11,1620060224647694,26.87,26.86,26.85,26.9,26.91,26.92,100,400,400,400,300,1500,26.87
712,674,BRALUPCDAM15BR00,ALUP11,1620060224649091,26.87,26.86,26.85,26.9,26.91,26.92,500,300,1800,600,400,1600,26.87
713,674,BRALUPCDAM15BR00,ALUP11,1620060224959070,26.88,26.87,26.86,26.9,26.91,26.92,200,500,400,1000,300,1400,26.9
714,674,BRALUPCDAM15BR00,ALUP11,1620060225000224,26.88,26.87,26.86,26.9,26.91,26.92,200,500,400,1100,300,1400,26.9
715,674,BRALUPCDAM15BR00,ALUP11,1620060225001596,26.88,26.87,26.86,26.9,26.91,26.92,200,500,400,1200,300,1400,26.9
716,674,BRALUPCDAM15BR00,ALUP11,1620060230250907,26.89,26.88,26.87,26.9,26.91,26.92,600,700,500,900,200,400,26.9
717,674,BRALUPCDAM15BR00,ALUP11,1620060230251498,26.89,26.88,26.87,26.9,26.91,26.92,600,700,500,900,200,300,26.9
718,674,BRALUPCDAM15BR00,ALUP11,1620060230252735,26.89,26.88,26.87,26.9,26.91,26.92,600,700,500,1000,200,300,26.9
719,674,BRALUPCDAM15BR00,ALUP11,1620060236799878,26.89,26.88,26.87,26.9,26.91,26.92,700,500,500,700,200,300,26.9
720,674,BRALUPCDAM15BR00,ALUP11,1620060236800761,26.89,26.88,26.87,26.9,26.91,26.92,900,500,500,700,200,300,26.9
721,674,BRALUPCDAM15BR00,ALUP11,1620060236802728,26.89,26.88,26.87,26.9,26.92,26.93,800,400,400,700,200,400,26.9
722,674,BRALUPCDAM15BR00,ALUP11,1620060286573761,26.89,26.88,26.87,26.9,26.91,26.92,400,100,400,1700,100,1400,26.9
723,703,BRANIMACNOR6BR00,ANIM3,1620059734280332,10.78,10.77,10.76,10.79,10.8,10.81,3300,2700,5600,2200,2400,6600,10.78
724,703,BRANIMACNOR6BR00,ANIM3,1620059734280350,10.78,10.77,10.76,10.79,10.8,10.81,3300,2700,5600,2200,2400,6600,10.78
725,703,BRANIMACNOR6BR00,ANIM3,1620059738311771,10.78,10.77,10.76,10.79,10.8,10.81,3600,2400,5600,2200,2400,6600,10.78
726,703,BRANIMACNOR6BR00,ANIM3,1620059738311798,10.78,10.77,10.76,10.79,10.8,10.81,3600,2400,5600,2200,2400,6600,10.78
727,703,BRANIMACNOR6BR00,ANIM3,1620059741360917,10.78,10.77,10.76,10.79,10.8,10.81,3700,2400,5600,2200,2400,6600,10.78
728,703,BRANIMACNOR6BR00,ANIM3,1620059741362268,10.78,10.77,10.76,10.79,10.8,10.81,3800,2400,5600,2200,2400,6600,10.78
729,703,BRANIMACNOR6BR00,ANIM3,1620059839782145,10.79,10.78,10.77,10.8,10.81,10.82,100,3400,3400,2500,6100,5900,10.79
730,703,BRANIMACNOR6BR00,ANIM3,1620059839783618,10.79,10.78,10.77,10.8,10.81,10.82,1700,3200,3200,1700,5900,5900,10.79
731,703,BRANIMACNOR6BR00,ANIM3,1620059847871169,10.8,10.79,10.78,10.81,10.82,10.83,100,4400,2600,4100,5700,6800,10.8
732,703,BRANIMACNOR6BR00,ANIM3,1620059847872540,10.8,10.79,10.78,10.81,10.82,10.83,1200,3300,2500,4100,8100,6800,10.8
733,703,BRANIMACNOR6BR00,ANIM3,1620059847877344,10.8,10.79,10.78,10.81,10.82,10.83,900,2000,2500,4100,8000,6800,10.8
734,703,BRANIMACNOR6BR00,ANIM3,1620059847877743,10.79,10.78,10.77,10.81,10.82,10.83,2000,2500,5800,4100,8000,6800,10.8
735,703,BRANIMACNOR6BR00,ANIM3,1620059847879011,10.79,10.78,10.77,10.81,10.82,10.83,2300,2500,5800,4100,8000,6800,10.8
736,703,BRANIMACNOR6BR00,ANIM3,1620059852593940,10.8,10.79,10.78,10.81,10.82,10.83,100,4000,2500,4100,7100,6800,10.8
737,703,BRANIMACNOR6BR00,ANIM3,1620059852595392,10.8,10.79,10.78,10.81,10.82,10.83,100,3400,2500,4100,7100,6800,10.8
738,703,BRANIMACNOR6BR00,ANIM3,1620059852595826,10.8,10.79,10.78,10.81,10.82,10.83,100,3400,2500,4100,7100,6800,10.8
739,703,BRANIMACNOR6BR00,ANIM3,1620059852596902,10.79,10.78,10.77,10.81,10.82,10.83,3500,2500,6200,4100,7100,6800,10.8
740,703,BRANIMACNOR6BR00,ANIM3,1620059900037473,10.8,10.79,10.78,10.81,10.82,10.83,400,3900,2100,3200,7300,5400,10.81
741,703,BRANIMACNOR6BR00,ANIM3,1620059900038698,10.8,10.79,10.78,10.81,10.82,10.83,600,3600,1700,3200,7300,5400,10.81
742,703,BRANIMACNOR6BR00,ANIM3,1620059900053045,10.79,10.78,10.77,10.81,10.82,10.83,3100,2100,6200,3200,7300,5400,10.8
743,703,BRANIMACNOR6BR00,ANIM3,1620059900053241,10.79,10.78,10.77,10.81,10.82,10.83,3100,2100,6200,3200,7300,5400,10.8
744,703,BRANIMACNOR6BR00,ANIM3,1620059900053979,10.79,10.78,10.77,10.8,10.81,10.82,3100,2100,6200,100,3200,7300,10.8
745,703,BRANIMACNOR6BR00,ANIM3,1620059900055110,10.79,10.78,10.77,10.8,10.81,10.82,3300,2100,6200,800,4000,7300,10.8
746,703,BRANIMACNOR6BR00,ANIM3,1620059980285265,10.79,10.78,10.77,10.81,10.82,10.83,3900,2500,6200,900,7600,5400,10.81
747,703,BRANIMACNOR6BR00,ANIM3,1620059980286448,10.8,10.79,10.78,10.81,10.82,10.83,600,3800,2500,900,7600,5400,10.81
748,703,BRANIMACNOR6BR00,ANIM3,1620059980289418,10.8,10.79,10.78,10.81,10.82,10.83,1200,3000,2400,900,7200,5400,10.8
749,703,BRANIMACNOR6BR00,ANIM3,1620059980289909,10.8,10.79,10.78,10.81,10.82,10.83,400,3000,2400,900,7200,5400,10.8
750,703,BRANIMACNOR6BR00,ANIM3,1620059980291047,10.8,10.79,10.78,10.81,10.82,10.83,400,3000,2400,1000,7200,5400,10.8
751,703,BRANIMACNOR6BR00,ANIM3,1620059980291730,10.8,10.79,10.78,10.81,10.82,10.83,100,3000,2400,1000,7200,5400,10.8
752,703,BRANIMACNOR6BR00,ANIM3,1620059980292964,10.79,10.78,10.77,10.81,10.82,10.83,3100,2400,6200,1000,7200,5400,10.8
753,703,BRANIMACNOR6BR00,ANIM3,1620059980293756,10.8,10.79,10.78,10.81,10.82,10.83,100,3100,2400,1000,7600,5400,10.8
754,703,BRANIMACNOR6BR00,ANIM3,1620059980294995,10.79,10.78,10.77,10.81,10.82,10.83,3000,2400,6200,1200,7600,5400,10.8
755,703,BRANIMACNOR6BR00,ANIM3,1620059980295167,10.79,10.78,10.77,10.81,10.82,10.83,3000,2400,6200,1200,7600,5400,10.8
756,703,BRANIMACNOR6BR00,ANIM3,1620059980324852,10.79,10.78,10.77,10.81,10.82,10.83,3900,2400,6200,1200,7600,5400,10.8
757,703,BRANIMACNOR6BR00,ANIM3,1620059980328063,10.8,10.79,10.78,10.81,10.82,10.83,100,4000,2400,1200,7600,5400,10.8
758,703,BRANIMACNOR6BR00,ANIM3,1620059980384261,10.8,10.79,10.78,10.81,10.82,10.83,100,4000,2400,1200,7600,5400,10.8
759,703,BRANIMACNOR6BR00,ANIM3,1620059980385482,10.8,10.79,10.78,10.81,10.82,10.83,100,3000,2400,1200,7600,5400,10.8
760,703,BRANIMACNOR6BR00,ANIM3,1620059980386021,10.8,10.79,10.78,10.81,10.82,10.83,100,3000,2400,1200,7600,5400,10.8
761,703,BRANIMACNOR6BR00,ANIM3,1620059980387001,10.79,10.78,10.77,10.8,10.81,10.82,3000,2400,6200,100,1200,7600,10.8
762,703,BRANIMACNOR6BR00,ANIM3,1620059980404529,10.79,10.78,10.77,10.8,10.81,10.82,3000,2400,6200,100,1000,7600,10.8
763,703,BRANIMACNOR6BR00,ANIM3,1620059980405764,10.79,10.78,10.77,10.8,10.81,10.82,3100,2400,6200,100,1000,7600,10.8
764,703,BRANIMACNOR6BR00,ANIM3,1620059980560846,10.8,10.79,10.78,10.81,10.82,10.83,100,4000,2400,1000,7600,5400,10.8
765,703,BRANIMACNOR6BR00,ANIM3,1620059980562026,10.8,10.79,10.78,10.81,10.82,10.83,100,3000,2400,1000,7600,5400,10.8
766,703,BRANIMACNOR6BR00,ANIM3,1620059980562339,10.8,10.79,10.78,10.81,10.82,10.83,100,3400,2400,1000,7600,5400,10.8
767,703,BRANIMACNOR6BR00,ANIM3,1620059980563377,10.79,10.78,10.77,10.81,10.82,10.83,3400,2400,6200,1000,7600,5400,10.8
768,703,BRANIMACNOR6BR00,ANIM3,1620059980570447,10.79,10.78,10.77,10.81,10.82,10.83,3700,2100,6200,1000,7600,5400,10.8
769,703,BRANIMACNOR6BR00,ANIM3,1620059980571623,10.79,10.78,10.77,10.8,10.81,10.82,3800,2100,6200,200,1000,7600,10.8
770,703,BRANIMACNOR6BR00,ANIM3,1620059980575698,10.8,10.79,10.78,10.81,10.82,10.83,100,4300,2100,1000,7600,5400,10.8
771,703,BRANIMACNOR6BR00,ANIM3,1620059980576878,10.8,10.79,10.78,10.81,10.82,10.83,100,3300,2100,1000,7600,5400,10.8
772,703,BRANIMACNOR6BR00,ANIM3,1620059980577308,10.79,10.78,10.77,10.8,10.81,10.82,3300,2100,6200,100,1000,7600,10.8
773,703,BRANIMACNOR6BR00,ANIM3,1620059980577430,10.79,10.78,10.77,10.81,10.82,10.83,3300,2100,6200,1000,7600,5400,10.8
774,703,BRANIMACNOR6BR00,ANIM3,1620059980624804,10.79,10.78,10.77,10.81,10.82,10.83,4200,2100,6200,1000,7600,5400,10.8
775,703,BRANIMACNOR6BR00,ANIM3,1620059980625952,10.8,10.79,10.78,10.81,10.82,10.83,100,4300,2100,1000,7600,5400,10.8
776,703,BRANIMACNOR6BR00,ANIM3,1620059980626362,10.8,10.79,10.78,10.81,10.82,10.83,100,3400,2100,1000,7600,5400,10.8
777,703,BRANIMACNOR6BR00,ANIM3,1620059980627643,10.79,10.78,10.77,10.8,10.81,10.82,3300,2100,6200,100,1000,7600,10.8
778,703,BRANIMACNOR6BR00,ANIM3,1620059980627850,10.79,10.78,10.77,10.8,10.81,10.82,3300,2100,6200,100,900,7600,10.8
779,703,BRANIMACNOR6BR00,ANIM3,1620059980627862,10.79,10.78,10.77,10.8,10.81,10.82,3300,2100,6200,100,900,7600,10.8
780,954,BRAZULACNPR4BR00,AZUL4,1620059733263533,38.07,38.06,38.05,38.08,38.09,38.1,100,200,2700,600,1000,1500,38.07
781,954,BRAZULACNPR4BR00,AZUL4,1620059733263555,38.07,38.06,38.05,38.08,38.09,38.1,100,200,2700,600,1000,1500,38.07
782,954,BRAZULACNPR4BR00,AZUL4,1620059733680116,38.07,38.06,38.05,38.08,38.09,38.1,100,1200,2700,600,1000,1500,38.07
783,954,BRAZULACNPR4BR00,AZUL4,1620059733680141,38.07,38.06,38.05,38.08,38.09,38.1,100,1200,2700,600,1000,1500,38.07
784,954,BRAZULACNPR4BR00,AZUL4,1620059733680827,38.07,38.06,38.05,38.08,38.09,38.1,100,1200,2700,600,900,1500,38.07
785,954,BRAZULACNPR4BR00,AZUL4,1620059733680846,38.07,38.06,38.05,38.08,38.09,38.1,100,1200,2700,600,900,1500,38.07
786,954,BRAZULACNPR4BR00,AZUL4,1620059733705632,38.07,38.06,38.05,38.08,38.09,38.1,400,1200,2700,600,900,1500,38.07
787,954,BRAZULACNPR4BR00,AZUL4,1620059733705656,38.07,38.06,38.05,38.08,38.09,38.1,400,1200,2700,600,900,1500,38.07
788,954,BRAZULACNPR4BR00,AZUL4,1620059733706423,38.07,38.06,38.05,38.08,38.09,38.1,400,1200,2700,600,400,1500,38.07
789,954,BRAZULACNPR4BR00,AZUL4,1620059733706440,38.07,38.06,38.05,38.08,38.09,38.1,400,1200,2700,600,400,1500,38.07
790,954,BRAZULACNPR4BR00,AZUL4,1620059733711696,38.07,38.06,38.05,38.08,38.09,38.1,400,1200,2700,800,200,1500,38.07
791,954,BRAZULACNPR4BR00,AZUL4,1620059733711714,38.07,38.06,38.05,38.08,38.09,38.1,400,1200,2700,800,200,1500,38.07
792,954,BRAZULACNPR4BR00,AZUL4,1620059733712571,38.07,38.06,38.05,38.08,38.09,38.1,400,1200,2700,800,200,2000,38.07
793,954,BRAZULACNPR4BR00,AZUL4,1620059733712588,38.07,38.06,38.05,38.08,38.09,38.1,400,1200,2700,800,200,2000,38.07
794,954,BRAZULACNPR4BR00,AZUL4,1620059733734131,38.07,38.06,38.05,38.08,38.09,38.1,400,200,2700,800,200,2000,38.07
795,954,BRAZULACNPR4BR00,AZUL4,1620059733734152,38.07,38.06,38.05,38.08,38.09,38.1,400,200,2700,800,200,2000,38.07
796,954,BRAZULACNPR4BR00,AZUL4,1620059733835234,38.07,38.06,38.05,38.08,38.09,38.1,100,500,2700,800,200,2000,38.07
797,954,BRAZULACNPR4BR00,AZUL4,1620059733835252,38.07,38.06,38.05,38.08,38.09,38.1,100,500,2700,800,200,2000,38.07
798,954,BRAZULACNPR4BR00,AZUL4,1620059733846441,38.07,38.06,38.05,38.08,38.09,38.1,100,1500,2700,800,200,2000,38.07
799,954,BRAZULACNPR4BR00,AZUL4,1620059733846468,38.07,38.06,38.05,38.08,38.09,38.1,100,1500,2700,800,200,2000,38.07
800,954,BRAZULACNPR4BR00,AZUL4,1620059734393533,38.07,38.06,38.05,38.08,38.09,38.1,100,1500,2700,800,200,2000,38.07
801,954,BRAZULACNPR4BR00,AZUL4,1620059734393551,38.07,38.06,38.05,38.08,38.09,38.1,100,1500,2700,800,200,2000,38.07
802,954,BRAZULACNPR4BR00,AZUL4,1620059734461238,38.07,38.06,38.05,38.08,38.09,38.1,100,1500,2700,1000,200,2000,38.07
803,954,BRAZULACNPR4BR00,AZUL4,1620059734461256,38.07,38.06,38.05,38.08,38.09,38.1,100,1500,2700,1000,200,2000,38.07
804,954,BRAZULACNPR4BR00,AZUL4,1620059735145899,38.07,38.06,38.05,38.08,38.09,38.1,100,1500,2700,800,200,2000,38.07
805,954,BRAZULACNPR4BR00,AZUL4,1620059735147047,38.07,38.06,38.05,38.08,38.09,38.1,200,1500,2700,800,200,2000,38.07
806,954,BRAZULACNPR4BR00,AZUL4,1620059735150375,38.06,38.05,38.04,38.08,38.09,38.1,1500,2700,4400,800,200,2000,38.07
807,954,BRAZULACNPR4BR00,AZUL4,1620059735150518,38.06,38.05,38.04,38.08,38.09,38.1,1500,2700,4400,800,200,2000,38.07
808,954,BRAZULACNPR4BR00,AZUL4,1620059735151041,38.06,38.05,38.04,38.08,38.09,38.1,1500,2700,4200,800,200,2000,38.07
809,954,BRAZULACNPR4BR00,AZUL4,1620059735152648,38.06,38.05,38.04,38.08,38.09,38.1,1600,2500,4200,800,300,2000,38.07
810,954,BRAZULACNPR4BR00,AZUL4,1620059735689996,38.07,38.06,38.05,38.08,38.09,38.1,100,1600,2500,900,200,2000,38.07
811,954,BRAZULACNPR4BR00,AZUL4,1620059735690021,38.07,38.06,38.05,38.08,38.09,38.1,100,1600,2500,900,200,2000,38.07
812,954,BRAZULACNPR4BR00,AZUL4,1620059739070817,38.08,38.07,38.06,38.09,38.1,38.11,1000,1400,2000,100,1000,1800,38.08
813,954,BRAZULACNPR4BR00,AZUL4,1620059739070844,38.08,38.07,38.06,38.09,38.1,38.11,1000,1400,2000,100,1000,1800,38.08
814,954,BRAZULACNPR4BR00,AZUL4,1620059739218929,38.07,38.06,38.05,38.09,38.1,38.11,500,2300,2700,100,1000,800,38.09
815,954,BRAZULACNPR4BR00,AZUL4,1620059739220206,38.07,38.06,38.05,38.09,38.1,38.11,500,2200,2700,100,1100,800,38.09
816,954,BRAZULACNPR4BR00,AZUL4,1620059740069084,38.07,38.06,38.05,38.09,38.1,38.11,100,2100,2400,300,1600,1300,38.09
817,954,BRAZULACNPR4BR00,AZUL4,1620059740069104,38.07,38.06,38.05,38.09,38.1,38.11,100,2100,2400,300,1600,1300,38.09
818,954,BRAZULACNPR4BR00,AZUL4,1620059759951542,38.07,38.06,38.05,38.09,38.1,38.11,600,1100,2900,900,1100,2400,38.08
819,954,BRAZULACNPR4BR00,AZUL4,1620059759951568,38.07,38.06,38.05,38.09,38.1,38.11,100,1100,2900,900,1100,2400,38.07
820,954,BRAZULACNPR4BR00,AZUL4,1620059759952904,38.07,38.06,38.05,38.09,38.1,38.11,200,1100,2400,1200,1100,2400,38.07
821,954,BRAZULACNPR4BR00,AZUL4,1620059767730917,38.08,38.07,38.06,38.09,38.1,38.11,300,1300,1000,300,900,2100,38.09
822,954,BRAZULACNPR4BR00,AZUL4,1620059767732115,38.08,38.07,38.06,38.09,38.1,38.11,600,1200,1000,200,900,2100,38.09
823,954,BRAZULACNPR4BR00,AZUL4,1620059767865298,38.08,38.07,38.06,38.09,38.1,38.11,100,1900,900,200,900,2100,38.09
824,954,BRAZULACNPR4BR00,AZUL4,1620059767866598,38.07,38.06,38.05,38.09,38.1,38.11,1900,900,2300,200,900,2100,38.09
825,954,BRAZULACNPR4BR00,AZUL4,1620059768275696,38.08,38.07,38.06,38.09,38.1,38.11,100,1900,1000,300,900,2100,38.09
826,954,BRAZULACNPR4BR00,AZUL4,1620059768277017,38.08,38.07,38.06,38.09,38.1,38.11,200,1800,1000,200,900,2100,38.09
827,954,BRAZULACNPR4BR00,AZUL4,1620059770485361,38.09,38.08,38.07,38.11,38.12,38.13,500,1300,2800,900,1500,2400,38.1
828,954,BRAZULACNPR4BR00,AZUL4,1620059770485381,38.09,38.08,38.07,38.11,38.12,38.13,500,1300,2800,900,1500,2400,38.1
829,954,BRAZULACNPR4BR00,AZUL4,1620059770572007,38.1,38.09,38.08,38.11,38.12,38.13,100,500,1300,900,1500,2400,38.1
830,954,BRAZULACNPR4BR00,AZUL4,1620059770573361,38.1,38.09,38.08,38.11,38.12,38.13,200,500,1200,900,1500,2400,38.1
831,954,BRAZULACNPR4BR00,AZUL4,1620059771565955,38.11,38.1,38.09,38.13,38.14,38.15,400,1400,1500,400,6200,5200,38.12
832,954,BRAZULACNPR4BR00,AZUL4,1620059771567244,38.11,38.1,38.09,38.13,38.14,38.15,600,1300,1500,400,6200,5200,38.12
833,954,BRAZULACNPR4BR00,AZUL4,1620059771681245,38.12,38.11,38.1,38.13,38.14,38.15,100,600,1200,400,6200,5200,38.12
834,954,BRAZULACNPR4BR00,AZUL4,1620059771682816,38.12,38.11,38.1,38.13,38.14,38.15,100,500,1200,400,6100,5200,38.12
835,954,BRAZULACNPR4BR00,AZUL4,1620059771683239,38.12,38.11,38.1,38.13,38.14,38.15,100,500,1200,700,6100,5200,38.12
836,954,BRAZULACNPR4BR00,AZUL4,1620059771684418,38.11,38.1,38.09,38.13,38.14,38.15,600,1200,500,700,6100,5200,38.12
837,954,BRAZULACNPR4BR00,AZUL4,1620059772337732,38.11,38.1,38.09,38.13,38.14,38.15,100,1200,200,900,6100,5200,38.11
838,954,BRAZULACNPR4BR00,AZUL4,1620059772339211,38.1,38.08,38.07,38.12,38.13,38.14,1300,2600,3300,200,1000,6300,38.11
839,954,BRAZULACNPR4BR00,AZUL4,1620059772902523,38.11,38.1,38.09,38.12,38.13,38.14,300,200,1100,300,2800,6400,38.11
840,954,BRAZULACNPR4BR00,AZUL4,1620059772903792,38.11,38.1,38.09,38.12,38.13,38.14,400,100,1100,300,2800,6400,38.11
841,954,BRAZULACNPR4BR00,AZUL4,1620059773031335,38.11,38.1,38.09,38.12,38.13,38.14,100,200,1500,300,2800,6400,38.11
842,954,BRAZULACNPR4BR00,AZUL4,1620059773032542,38.1,38.09,38.08,38.12,38.13,38.14,300,1500,2100,300,2800,6400,38.11
843,954,BRAZULACNPR4BR00,AZUL4,1620059773103666,38.11,38.1,38.09,38.12,38.13,38.14,100,200,1500,400,3000,6400,38.11
844,954,BRAZULACNPR4BR00,AZUL4,1620059773104874,38.11,38.1,38.09,38.12,38.13,38.14,200,100,1500,300,3000,6400,38.11
845,954,BRAZULACNPR4BR00,AZUL4,1620059773288262,38.1,38.09,38.08,38.12,38.13,38.14,100,1500,2100,300,3000,6400,38.11
846,954,BRAZULACNPR4BR00,AZUL4,1620059773288453,38.1,38.09,38.08,38.12,38.13,38.14,100,1500,2100,300,3000,6400,38.11
847,954,BRAZULACNPR4BR00,AZUL4,1620059773289326,38.1,38.09,38.08,38.12,38.13,38.14,100,1500,2100,400,3000,6400,38.11
