,MappingNumber,EsteeID,Ticker, CurrTimeInMicroSeconds, BP1, BP2, BP3, AP1, AP2, AP3, BQ1, BQ2, BQ3, AQ1, AQ2, AQ3, LTP
0,129,BRAALRACNOR6BR00,AALR3,1620837329681537,8.83,8.82,8.81,8.84,8.85,8.86,2500,13000,5100,5100,700,1000,8.84
1,129,BRAALRACNOR6BR00,AALR3,1620837329681563,8.83,8.82,8.81,8.84,8.85,8.86,2500,13000,5100,5100,700,1000,8.84
2,129,BRAALRACNOR6BR00,AALR3,1620837340911911,8.83,8.82,8.81,8.84,8.85,8.86,2500,13000,5100,9700,700,1000,8.84
3,129,BRAALRACNOR6BR00,AALR3,1620837340913149,8.83,8.82,8.81,8.84,8.85,8.86,2500,12800,5100,9800,700,1000,8.84
4,129,BRAALRACNOR6BR00,AALR3,1620837356118420,8.84,8.83,8.82,8.85,8.86,8.87,200,2600,12800,700,1000,1600,8.84
5,129,BRAALRACNOR6BR00,AALR3,1620837356118506,8.84,8.83,8.82,8.85,8.86,8.87,200,2600,12800,700,1000,1600,8.84
6,129,BRAALRACNOR6BR00,AALR3,1620837356119334,8.84,8.83,8.82,8.85,8.86,8.87,200,2600,12800,100,1000,1600,8.84
7,129,BRAALRACNOR6BR00,AALR3,1620837356120701,8.84,8.83,8.82,8.85,8.86,8.87,1100,3400,13000,200,1000,1600,8.84
8,129,BRAALRACNOR6BR00,AALR3,1620837362371921,8.83,8.82,8.81,8.85,8.86,8.87,2700,13000,6100,1500,1000,1600,8.85
9,129,BRAALRACNOR6BR00,AALR3,1620837362372519,8.83,8.82,8.81,8.85,8.86,8.87,2700,13000,6100,1200,1000,1600,8.85
10,129,BRAALRACNOR6BR00,AALR3,1620837362372549,8.83,8.82,8.81,8.85,8.86,8.87,2700,13000,6100,1200,1000,1600,8.85
11,129,BRAALRACNOR6BR00,AALR3,1620837362373407,8.84,8.83,8.82,8.85,8.86,8.87,600,2700,13000,1200,1000,1600,8.85
12,129,BRAALRACNOR6BR00,AALR3,1620837362373434,8.84,8.83,8.82,8.85,8.86,8.87,600,2700,13000,1200,1000,1600,8.85
13,129,BRAALRACNOR6BR00,AALR3,1620837362374292,8.84,8.83,8.82,8.85,8.86,8.87,1100,2700,13000,1200,1000,1600,8.85
14,129,BRAALRACNOR6BR00,AALR3,1620837362374311,8.84,8.83,8.82,8.85,8.86,8.87,1100,2700,13000,1200,1000,1600,8.85
15,129,BRAALRACNOR6BR00,AALR3,1620837362805652,8.84,8.83,8.82,8.85,8.86,8.87,1100,2600,13000,1200,1000,1600,8.85
16,129,BRAALRACNOR6BR00,AALR3,1620837362806755,8.84,8.83,8.82,8.85,8.86,8.87,600,2600,13000,1300,1000,1600,8.85
17,129,BRAALRACNOR6BR00,AALR3,1620837393001982,8.83,8.82,8.81,8.84,8.85,8.86,1600,13000,6100,600,1600,1100,8.85
18,129,BRAALRACNOR6BR00,AALR3,1620837393002105,8.83,8.82,8.81,8.84,8.85,8.86,1600,13000,6100,600,1600,1100,8.85
19,129,BRAALRACNOR6BR00,AALR3,1620837549612227,8.83,8.82,8.81,8.85,8.86,8.87,2000,12800,6100,100,1000,1600,8.84
20,129,BRAALRACNOR6BR00,AALR3,1620837549614032,8.84,8.83,8.82,8.86,8.87,8.88,1500,2600,13400,1100,1600,1400,8.84
21,129,BRAALRACNOR6BR00,AALR3,1620837551872586,8.84,8.83,8.82,8.85,8.86,8.87,1900,2300,13600,300,1400,2400,8.84
22,129,BRAALRACNOR6BR00,AALR3,1620837551872610,8.84,8.83,8.82,8.85,8.86,8.87,1900,2300,13600,300,1400,2400,8.84
23,129,BRAALRACNOR6BR00,AALR3,1620837654836001,8.85,8.84,8.83,8.86,8.87,8.88,1500,800,5800,2800,1600,1400,8.85
24,132,BRABCBACNPR4BR00,ABCB4,1620837330702669,15.24,15.23,15.22,15.25,15.26,15.27,4100,600,2400,300,400,1900,15.25
25,132,BRABCBACNPR4BR00,ABCB4,1620837330702688,15.24,15.23,15.22,15.25,15.26,15.27,4100,600,2400,300,400,1900,15.25
26,132,BRABCBACNPR4BR00,ABCB4,1620837332095971,15.24,15.23,15.22,15.25,15.26,15.27,4100,600,2400,300,400,1900,15.25
27,132,BRABCBACNPR4BR00,ABCB4,1620837332095993,15.24,15.23,15.22,15.25,15.26,15.27,4100,600,2400,300,400,1900,15.25
28,132,BRABCBACNPR4BR00,ABCB4,1620837333531938,15.24,15.23,15.22,15.25,15.26,15.27,4300,600,2400,300,400,1900,15.25
29,132,BRABCBACNPR4BR00,ABCB4,1620837333533172,15.24,15.23,15.22,15.25,15.26,15.27,4300,600,2400,400,400,1900,15.25
30,132,BRABCBACNPR4BR00,ABCB4,1620837345486767,15.24,15.23,15.22,15.25,15.26,15.27,3900,600,2100,100,700,2100,15.25
31,132,BRABCBACNPR4BR00,ABCB4,1620837345486787,15.24,15.23,15.22,15.25,15.26,15.27,3900,600,2100,100,700,2100,15.25
32,132,BRABCBACNPR4BR00,ABCB4,1620837345486966,15.24,15.23,15.22,15.25,15.26,15.27,3900,600,2100,100,700,2100,15.25
33,132,BRABCBACNPR4BR00,ABCB4,1620837345491920,15.24,15.23,15.22,15.25,15.26,15.27,3900,600,2100,600,700,2100,15.25
34,132,BRABCBACNPR4BR00,ABCB4,1620837345492993,15.24,15.23,15.22,15.25,15.26,15.27,3900,600,2100,700,700,2100,15.25
35,132,BRABCBACNPR4BR00,ABCB4,1620837361504714,15.24,15.23,15.22,15.27,15.28,15.29,4400,600,2100,1800,900,3300,15.27
36,132,BRABCBACNPR4BR00,ABCB4,1620837361504718,15.24,15.23,15.22,15.27,15.28,15.29,4400,600,2100,1800,900,3300,15.27
37,139,BRABEVACNOR1BR00,ABEV3,1620837328351343,16.89,16.88,16.87,16.9,16.91,16.92,11600,26600,76600,40800,17100,25400,16.9
38,139,BRABEVACNOR1BR00,ABEV3,1620837328351361,16.89,16.88,16.87,16.9,16.91,16.92,11600,26600,76600,40800,17100,25400,16.9
39,139,BRABEVACNOR1BR00,ABEV3,1620837328352205,16.89,16.88,16.87,16.9,16.91,16.92,11600,26600,76600,40800,17100,25400,16.9
40,139,BRABEVACNOR1BR00,ABEV3,1620837328352249,16.89,16.88,16.87,16.9,16.91,16.92,11600,26600,76600,40800,17100,25400,16.9
41,139,BRABEVACNOR1BR00,ABEV3,1620837328721658,16.89,16.88,16.87,16.9,16.91,16.92,11600,26600,76600,40800,17100,19300,16.9
42,139,BRABEVACNOR1BR00,ABEV3,1620837328721676,16.89,16.88,16.87,16.9,16.91,16.92,11600,26600,76600,40800,17100,19300,16.9
43,139,BRABEVACNOR1BR00,ABEV3,1620837328722416,16.89,16.88,16.87,16.9,16.91,16.92,11600,26600,76600,40800,17100,16500,16.9
44,139,BRABEVACNOR1BR00,ABEV3,1620837328722435,16.89,16.88,16.87,16.9,16.91,16.92,11600,26600,76600,40800,17100,16500,16.9
45,139,BRABEVACNOR1BR00,ABEV3,1620837328829208,16.89,16.88,16.87,16.9,16.91,16.92,11700,26600,76600,40800,17100,16500,16.9
46,139,BRABEVACNOR1BR00,ABEV3,1620837328829231,16.89,16.88,16.87,16.9,16.91,16.92,11700,26600,76600,40800,17100,16500,16.9
47,139,BRABEVACNOR1BR00,ABEV3,1620837328892253,16.89,16.88,16.87,16.9,16.91,16.92,11700,26600,76600,40700,17100,16500,16.9
48,139,BRABEVACNOR1BR00,ABEV3,1620837328892272,16.89,16.88,16.87,16.9,16.91,16.92,11700,26600,76600,40700,17100,16500,16.9
49,139,BRABEVACNOR1BR00,ABEV3,1620837328897755,16.89,16.88,16.87,16.9,16.91,16.92,11600,26600,76600,40600,17100,16500,16.89
50,139,BRABEVACNOR1BR00,ABEV3,1620837328897774,16.89,16.88,16.87,16.9,16.91,16.92,11600,26600,76600,40600,17100,16500,16.89
51,139,BRABEVACNOR1BR00,ABEV3,1620837329024985,16.89,16.88,16.87,16.9,16.91,16.92,11600,26600,76600,40600,17100,16500,16.89
52,139,BRABEVACNOR1BR00,ABEV3,1620837329025003,16.89,16.88,16.87,16.9,16.91,16.92,11600,26600,76600,40600,17100,16500,16.89
53,139,BRABEVACNOR1BR00,ABEV3,1620837329027486,16.89,16.88,16.87,16.9,16.91,16.92,11600,26600,76600,40500,17100,16500,16.9
54,139,BRABEVACNOR1BR00,ABEV3,1620837329027505,16.89,16.88,16.87,16.9,16.91,16.92,11600,26600,76600,40500,17100,16500,16.9
55,139,BRABEVACNOR1BR00,ABEV3,1620837329530104,16.89,16.88,16.87,16.9,16.91,16.92,11600,26600,76600,40400,17100,16500,16.9
56,139,BRABEVACNOR1BR00,ABEV3,1620837329530127,16.89,16.88,16.87,16.9,16.91,16.92,11600,26600,76600,40400,17100,16500,16.9
57,139,BRABEVACNOR1BR00,ABEV3,1620837329923506,16.89,16.88,16.87,16.9,16.91,16.92,11600,26600,76600,40300,17100,16500,16.9
58,139,BRABEVACNOR1BR00,ABEV3,1620837329923527,16.89,16.88,16.87,16.9,16.91,16.92,11600,26600,76600,40300,17100,16500,16.9
59,139,BRABEVACNOR1BR00,ABEV3,1620837329924394,16.89,16.88,16.87,16.9,16.91,16.92,11600,26600,76600,40300,17100,16500,16.9
60,139,BRABEVACNOR1BR00,ABEV3,1620837329924415,16.89,16.88,16.87,16.9,16.91,16.92,11600,26600,76600,40300,17100,16500,16.9
61,139,BRABEVACNOR1BR00,ABEV3,1620837329925635,16.89,16.88,16.87,16.9,16.91,16.92,11500,26600,76600,40300,17100,16500,16.89
62,139,BRABEVACNOR1BR00,ABEV3,1620837329925656,16.89,16.88,16.87,16.9,16.91,16.92,11500,26600,76600,40300,17100,16500,16.89
63,139,BRABEVACNOR1BR00,ABEV3,1620837329927480,16.89,16.88,16.87,16.9,16.91,16.92,11500,26600,76600,40200,17100,16500,16.9
64,139,BRABEVACNOR1BR00,ABEV3,1620837329927499,16.89,16.88,16.87,16.9,16.91,16.92,11500,26600,76600,40200,17100,16500,16.9
65,139,BRABEVACNOR1BR00,ABEV3,1620837330379100,16.89,16.88,16.87,16.9,16.91,16.92,11300,26600,76600,39900,17100,16500,16.89
66,139,BRABEVACNOR1BR00,ABEV3,1620837330379119,16.89,16.88,16.87,16.9,16.91,16.92,11300,26600,76600,39900,17100,16500,16.89
67,139,BRABEVACNOR1BR00,ABEV3,1620837330380057,16.89,16.88,16.87,16.9,16.91,16.92,11300,26600,76600,39900,17100,19900,16.89
68,139,BRABEVACNOR1BR00,ABEV3,1620837330380080,16.89,16.88,16.87,16.9,16.91,16.92,11300,26600,76600,39900,17100,19900,16.89
69,139,BRABEVACNOR1BR00,ABEV3,1620837330494556,16.89,16.88,16.87,16.9,16.91,16.92,11300,26600,76500,39900,17100,19900,16.89
70,139,BRABEVACNOR1BR00,ABEV3,1620837330494597,16.89,16.88,16.87,16.9,16.91,16.92,11300,26600,76500,39900,17100,19900,16.89
71,139,BRABEVACNOR1BR00,ABEV3,1620837330496926,16.89,16.88,16.87,16.9,16.91,16.92,11300,26600,76500,40200,17100,19900,16.89
72,139,BRABEVACNOR1BR00,ABEV3,1620837330496946,16.89,16.88,16.87,16.9,16.91,16.92,11300,26600,76500,40200,17100,19900,16.89
73,139,BRABEVACNOR1BR00,ABEV3,1620837330497367,16.89,16.88,16.87,16.9,16.91,16.92,11500,26600,76500,40200,17100,19900,16.89
74,139,BRABEVACNOR1BR00,ABEV3,1620837330497386,16.89,16.88,16.87,16.9,16.91,16.92,11500,26600,76500,40200,17100,19900,16.89
75,139,BRABEVACNOR1BR00,ABEV3,1620837330598952,16.89,16.88,16.87,16.9,16.91,16.92,11600,26600,76500,40200,17100,19900,16.89
76,139,BRABEVACNOR1BR00,ABEV3,1620837330598973,16.89,16.88,16.87,16.9,16.91,16.92,11600,26600,76500,40200,17100,19900,16.89
77,139,BRABEVACNOR1BR00,ABEV3,1620837330835933,16.89,16.88,16.87,16.9,16.91,16.92,11600,26600,76500,40200,17100,26000,16.89
78,139,BRABEVACNOR1BR00,ABEV3,1620837330835953,16.89,16.88,16.87,16.9,16.91,16.92,11600,26600,76500,40200,17100,26000,16.89
79,139,BRABEVACNOR1BR00,ABEV3,1620837330861546,16.89,16.88,16.87,16.9,16.91,16.92,11600,26600,76500,40000,17100,26000,16.9
80,139,BRABEVACNOR1BR00,ABEV3,1620837330861567,16.89,16.88,16.87,16.9,16.91,16.92,11600,26600,76500,40000,17100,26000,16.9
81,139,BRABEVACNOR1BR00,ABEV3,1620837330872864,16.89,16.88,16.87,16.9,16.91,16.92,11600,26600,76500,41100,17100,26000,16.9
82,139,BRABEVACNOR1BR00,ABEV3,1620837330872882,16.89,16.88,16.87,16.9,16.91,16.92,11600,26600,76500,41100,17100,26000,16.9
83,139,BRABEVACNOR1BR00,ABEV3,1620837330923320,16.89,16.88,16.87,16.9,16.91,16.92,11600,26600,76500,41000,17100,26000,16.9
84,139,BRABEVACNOR1BR00,ABEV3,1620837330923345,16.89,16.88,16.87,16.9,16.91,16.92,11600,26600,76500,41000,17100,26000,16.9
85,139,BRABEVACNOR1BR00,ABEV3,1620837330924919,16.89,16.88,16.87,16.9,16.91,16.92,11500,26600,76500,41000,17100,26000,16.89
86,139,BRABEVACNOR1BR00,ABEV3,1620837330924942,16.89,16.88,16.87,16.9,16.91,16.92,11500,26600,76500,41000,17100,26000,16.89
87,139,BRABEVACNOR1BR00,ABEV3,1620837331172170,16.89,16.88,16.87,16.9,16.91,16.92,11500,32700,76500,41000,17100,26000,16.89
88,139,BRABEVACNOR1BR00,ABEV3,1620837331172198,16.89,16.88,16.87,16.9,16.91,16.92,11500,32700,76500,41000,17100,26000,16.89
89,139,BRABEVACNOR1BR00,ABEV3,1620837331675772,16.89,16.88,16.87,16.9,16.91,16.92,11500,32700,76500,40900,17100,26000,16.9
90,139,BRABEVACNOR1BR00,ABEV3,1620837331675796,16.89,16.88,16.87,16.9,16.91,16.92,11500,32700,76500,40900,17100,26000,16.9
91,139,BRABEVACNOR1BR00,ABEV3,1620837331863403,16.89,16.88,16.87,16.9,16.91,16.92,11500,32700,76500,42600,17100,26000,16.9
92,139,BRABEVACNOR1BR00,ABEV3,1620837331863423,16.89,16.88,16.87,16.9,16.91,16.92,11500,32700,76500,42600,17100,26000,16.9
93,139,BRABEVACNOR1BR00,ABEV3,1620837331961275,16.89,16.88,16.87,16.9,16.91,16.92,11400,32700,76500,42600,17100,26000,16.89
94,139,BRABEVACNOR1BR00,ABEV3,1620837331961294,16.89,16.88,16.87,16.9,16.91,16.92,11400,32700,76500,42600,17100,26000,16.89
95,139,BRABEVACNOR1BR00,ABEV3,1620837331962256,16.89,16.88,16.87,16.9,16.91,16.92,11400,32700,76500,42600,17100,28400,16.89
96,139,BRABEVACNOR1BR00,ABEV3,1620837331962276,16.89,16.88,16.87,16.9,16.91,16.92,11400,32700,76500,42600,17100,28400,16.89
97,139,BRABEVACNOR1BR00,ABEV3,1620837331979851,16.89,16.88,16.87,16.9,16.91,16.92,11300,32700,76500,42600,17100,28400,16.89
98,139,BRABEVACNOR1BR00,ABEV3,1620837331979871,16.89,16.88,16.87,16.9,16.91,16.92,11300,32700,76500,42600,17100,28400,16.89
99,139,BRABEVACNOR1BR00,ABEV3,1620837331980685,16.89,16.88,16.87,16.9,16.91,16.92,6700,32700,76500,42600,17100,28400,16.89
100,139,BRABEVACNOR1BR00,ABEV3,1620837331980712,16.89,16.88,16.87,16.9,16.91,16.92,6700,32700,76500,42600,17100,28400,16.89
101,139,BRABEVACNOR1BR00,ABEV3,1620837331980876,16.89,16.88,16.87,16.9,16.91,16.92,6700,29400,76500,42600,17100,28400,16.89
102,139,BRABEVACNOR1BR00,ABEV3,1620837331980897,16.89,16.88,16.87,16.9,16.91,16.92,6700,29400,76500,42600,17100,28400,16.89
103,139,BRABEVACNOR1BR00,ABEV3,1620837331981543,16.89,16.88,16.87,16.9,16.91,16.92,6700,29400,76500,42600,19100,28400,16.89
104,139,BRABEVACNOR1BR00,ABEV3,1620837331981565,16.89,16.88,16.87,16.9,16.91,16.92,6700,29400,76500,42600,19100,28400,16.89
105,139,BRABEVACNOR1BR00,ABEV3,1620837331982430,16.89,16.88,16.87,16.9,16.91,16.92,6700,29400,79800,42600,19100,28400,16.89
106,139,BRABEVACNOR1BR00,ABEV3,1620837331982459,16.89,16.88,16.87,16.9,16.91,16.92,6700,29400,79800,42600,19100,28400,16.89
107,139,BRABEVACNOR1BR00,ABEV3,1620837332098797,16.89,16.88,16.87,16.9,16.91,16.92,6800,29400,79800,42600,19100,28400,16.89
108,139,BRABEVACNOR1BR00,ABEV3,1620837332098816,16.89,16.88,16.87,16.9,16.91,16.92,6800,29400,79800,42600,19100,28400,16.89
109,139,BRABEVACNOR1BR00,ABEV3,1620837332393325,16.89,16.88,16.87,16.9,16.91,16.92,6800,23300,79800,42600,19100,28400,16.89
110,139,BRABEVACNOR1BR00,ABEV3,1620837332394517,16.89,16.88,16.87,16.9,16.91,16.92,6800,23300,79800,42700,19100,28400,16.89
111,139,BRABEVACNOR1BR00,ABEV3,1620837352283731,16.88,16.87,16.86,16.89,16.9,16.91,20900,71400,30500,7000,41500,30800,16.89
112,139,BRABEVACNOR1BR00,ABEV3,1620837352285858,16.88,16.87,16.86,16.89,16.9,16.91,20800,68300,27100,12600,47800,28900,16.89
113,139,BRABEVACNOR1BR00,ABEV3,1620837359194133,16.88,16.87,16.86,16.89,16.9,16.91,18600,28000,33000,19700,55700,33100,16.89
114,139,BRABEVACNOR1BR00,ABEV3,1620837359327131,16.88,16.87,16.86,16.89,16.9,16.91,18600,28000,33000,19500,55700,33100,16.89
115,139,BRABEVACNOR1BR00,ABEV3,1620837359328354,16.88,16.87,16.86,16.89,16.9,16.91,18600,28000,33000,19600,55700,33100,16.89
116,139,BRABEVACNOR1BR00,ABEV3,1620837360198276,16.87,16.86,16.85,16.88,16.89,16.9,23000,31900,126600,6000,19800,60100,16.88
117,139,BRABEVACNOR1BR00,ABEV3,1620837360198304,16.87,16.86,16.85,16.88,16.89,16.9,23000,31900,126600,6000,19800,61600,16.88
118,139,BRABEVACNOR1BR00,ABEV3,1620837392947079,16.86,16.85,16.84,16.87,16.88,16.89,20100,129300,25800,1800,19300,20500,16.87
119,139,BRABEVACNOR1BR00,ABEV3,1620837392947202,16.86,16.85,16.84,16.87,16.88,16.89,20100,129300,25800,1800,19300,20500,16.87
120,139,BRABEVACNOR1BR00,ABEV3,1620837393099982,16.86,16.85,16.84,16.88,16.89,16.9,20100,126200,23000,21000,25000,55900,16.87
121,139,BRABEVACNOR1BR00,ABEV3,1620837393100007,16.86,16.85,16.84,16.88,16.89,16.9,20100,126200,23000,21000,25000,55900,16.87
122,139,BRABEVACNOR1BR00,ABEV3,1620837393459087,16.86,16.85,16.84,16.87,16.88,16.89,20200,129200,24900,800,16100,24900,16.87
123,139,BRABEVACNOR1BR00,ABEV3,1620837393459109,16.86,16.85,16.84,16.87,16.88,16.89,20200,129200,24900,800,16100,24900,16.87
124,139,BRABEVACNOR1BR00,ABEV3,1620837395550019,16.86,16.85,16.84,16.88,16.89,16.9,20200,110700,32500,22500,27500,64600,16.87
125,139,BRABEVACNOR1BR00,ABEV3,1620837395550051,16.87,16.86,16.85,16.88,16.89,16.9,10000,20200,110700,22500,27500,64600,16.87
126,139,BRABEVACNOR1BR00,ABEV3,1620837408385009,16.88,16.87,16.86,16.89,16.9,16.91,49100,24300,29600,4000,53800,47900,16.89
127,139,BRABEVACNOR1BR00,ABEV3,1620837408388251,16.88,16.87,16.86,16.89,16.9,16.91,49100,24300,29600,3900,53800,47900,16.89
128,139,BRABEVACNOR1BR00,ABEV3,1620837408389402,16.88,16.87,16.86,16.89,16.9,16.91,49100,24300,29600,4000,53800,47900,16.89
129,139,BRABEVACNOR1BR00,ABEV3,1620837424813210,16.88,16.87,16.86,16.89,16.9,16.91,49000,21300,32600,3900,55300,34800,16.89
130,139,BRABEVACNOR1BR00,ABEV3,1620837424863692,16.88,16.87,16.86,16.89,16.9,16.91,49100,21300,32600,3900,55300,34800,16.89
131,139,BRABEVACNOR1BR00,ABEV3,1620837424863719,16.88,16.87,16.86,16.89,16.9,16.91,49100,21300,32600,3900,55300,34800,16.89
132,139,BRABEVACNOR1BR00,ABEV3,1620837424866650,16.88,16.87,16.86,16.89,16.9,16.91,49000,21300,32600,3900,55300,34800,16.88
133,139,BRABEVACNOR1BR00,ABEV3,1620837424866670,16.88,16.87,16.86,16.89,16.9,16.91,49000,21300,32600,3900,55300,34800,16.88
134,139,BRABEVACNOR1BR00,ABEV3,1620837425012911,16.88,16.87,16.86,16.89,16.9,16.91,49000,21300,32600,3900,55300,28700,16.88
135,139,BRABEVACNOR1BR00,ABEV3,1620837425012940,16.88,16.87,16.86,16.89,16.9,16.91,49000,21300,32600,3900,55300,28700,16.88
136,139,BRABEVACNOR1BR00,ABEV3,1620837425016581,16.88,16.87,16.86,16.89,16.9,16.91,49000,21300,32600,3800,55300,28700,16.89
137,139,BRABEVACNOR1BR00,ABEV3,1620837425016609,16.88,16.87,16.86,16.89,16.9,16.91,49000,21300,32600,3800,55300,28700,16.89
138,139,BRABEVACNOR1BR00,ABEV3,1620837425154717,16.88,16.87,16.86,16.89,16.9,16.91,49000,21300,32600,3800,55300,28700,16.89
139,139,BRABEVACNOR1BR00,ABEV3,1620837425157456,16.88,16.87,16.86,16.89,16.9,16.91,49000,21300,32600,3900,55300,28700,16.89
140,139,BRABEVACNOR1BR00,ABEV3,1620837440458334,16.88,16.87,16.86,16.89,16.9,16.91,51300,24600,34600,2500,52500,28600,16.89
141,139,BRABEVACNOR1BR00,ABEV3,1620837440543261,16.88,16.87,16.86,16.89,16.9,16.91,51300,24600,34600,2600,52500,28600,16.89
142,139,BRABEVACNOR1BR00,ABEV3,1620837440544426,16.88,16.87,16.86,16.89,16.9,16.91,51300,24600,34600,2700,52500,28600,16.89
143,139,BRABEVACNOR1BR00,ABEV3,1620837442678074,16.88,16.87,16.86,16.89,16.9,16.91,51500,30700,34600,2700,52500,28600,16.89
144,139,BRABEVACNOR1BR00,ABEV3,1620837442678113,16.88,16.87,16.86,16.9,16.91,16.92,51500,30700,34600,52500,28600,32800,16.89
145,139,BRABEVACNOR1BR00,ABEV3,1620837442680159,16.89,16.88,16.87,16.9,16.91,16.92,3300,57700,23100,51900,19200,35400,16.89
146,139,BRABEVACNOR1BR00,ABEV3,1620837443250231,16.89,16.88,16.87,16.9,16.91,16.92,8800,52500,25400,55500,19500,38800,16.9
147,139,BRABEVACNOR1BR00,ABEV3,1620837443250253,16.89,16.88,16.87,16.9,16.91,16.92,8800,52500,25400,800,19500,38800,16.9
148,139,BRABEVACNOR1BR00,ABEV3,1620837443253408,16.9,16.89,16.88,16.91,16.92,16.93,2100,14900,52500,15300,35400,23800,16.9
149,139,BRABEVACNOR1BR00,ABEV3,1620837443253564,16.9,16.89,16.88,16.91,16.92,16.93,2100,18300,52500,15300,35400,23800,16.9
150,139,BRABEVACNOR1BR00,ABEV3,1620837443253580,16.9,16.89,16.88,16.91,16.92,16.93,2100,18300,52500,15300,35400,23800,16.9
151,139,BRABEVACNOR1BR00,ABEV3,1620837443254097,16.9,16.89,16.88,16.91,16.92,16.93,3200,18300,52500,15300,35400,23800,16.9
152,139,BRABEVACNOR1BR00,ABEV3,1620837443258183,16.9,16.89,16.88,16.91,16.92,16.93,2200,21600,49300,16900,31900,29700,16.9
153,139,BRABEVACNOR1BR00,ABEV3,1620837443286097,16.89,16.88,16.87,16.9,16.91,16.92,16700,52600,26900,18100,17800,39600,16.9
154,139,BRABEVACNOR1BR00,ABEV3,1620837443287443,16.89,16.88,16.87,16.9,16.91,16.92,12500,52600,26900,18100,17800,39600,16.9
155,139,BRABEVACNOR1BR00,ABEV3,1620837489092121,16.88,16.87,16.86,16.89,16.9,16.91,17900,25000,48100,200,32500,37400,16.89
156,139,BRABEVACNOR1BR00,ABEV3,1620837489095246,16.88,16.87,16.86,16.89,16.9,16.91,20000,23500,48100,300,33200,37400,16.89
157,139,BRABEVACNOR1BR00,ABEV3,1620837490104857,16.88,16.87,16.86,16.89,16.9,16.91,14600,21600,44800,10000,34100,35400,16.89
158,139,BRABEVACNOR1BR00,ABEV3,1620837490105563,16.88,16.87,16.86,16.89,16.9,16.91,14600,21600,48100,10000,34100,35400,16.89
159,139,BRABEVACNOR1BR00,ABEV3,1620837490106651,16.88,16.87,16.86,16.89,16.9,16.91,14600,21600,48100,10100,34100,35400,16.89
160,139,BRABEVACNOR1BR00,ABEV3,1620837512247231,16.88,16.87,16.86,16.89,16.9,16.91,17600,21700,57100,11900,31900,31400,16.89
161,139,BRABEVACNOR1BR00,ABEV3,1620837512249413,16.88,16.87,16.86,16.89,16.9,16.91,17600,21700,57100,11800,31900,31400,16.89
162,139,BRABEVACNOR1BR00,ABEV3,1620837512250745,16.88,16.87,16.86,16.89,16.9,16.91,17600,21700,57100,11900,31900,31400,16.89
163,139,BRABEVACNOR1BR00,ABEV3,1620837540019305,16.88,16.87,16.86,16.89,16.9,16.91,15700,27100,54000,14200,26400,24100,16.89
164,139,BRABEVACNOR1BR00,ABEV3,1620837540019341,16.88,16.87,16.86,16.89,16.9,16.91,15500,27100,54000,14200,26400,24100,16.89
165,139,BRABEVACNOR1BR00,ABEV3,1620837540020745,16.88,16.87,16.86,16.89,16.9,16.91,15500,27100,54000,14300,26400,24100,16.89
166,139,BRABEVACNOR1BR00,ABEV3,1620837546785786,16.89,16.88,16.87,16.9,16.91,16.92,25200,12800,33600,26400,33600,41600,16.89
167,139,BRABEVACNOR1BR00,ABEV3,1620837546785803,16.89,16.88,16.87,16.9,16.91,16.92,25200,12800,33600,26400,33600,41600,16.89
168,139,BRABEVACNOR1BR00,ABEV3,1620837546788754,16.89,16.88,16.87,16.9,16.91,16.92,25200,16900,30500,22600,28800,41600,16.89
169,139,BRABEVACNOR1BR00,ABEV3,1620837546795529,16.9,16.89,16.88,16.91,16.92,16.93,2600,400,19100,28800,42100,28100,16.9
170,139,BRABEVACNOR1BR00,ABEV3,1620837546795575,16.9,16.89,16.88,16.91,16.92,16.93,2600,400,19100,28800,42100,28100,16.9
171,139,BRABEVACNOR1BR00,ABEV3,1620837546795848,16.9,16.89,16.88,16.91,16.92,16.93,2600,400,19100,28800,42100,28100,16.9
172,139,BRABEVACNOR1BR00,ABEV3,1620837546797311,16.9,16.89,16.88,16.91,16.92,16.93,2600,1200,19100,28800,42100,28100,16.9
173,139,BRABEVACNOR1BR00,ABEV3,1620837546797336,16.9,16.89,16.88,16.91,16.92,16.93,2600,1200,19100,28800,42100,28100,16.9
174,139,BRABEVACNOR1BR00,ABEV3,1620837546798231,16.9,16.89,16.88,16.91,16.92,16.93,2600,1200,19200,28800,42100,28100,16.9
175,139,BRABEVACNOR1BR00,ABEV3,1620837546798278,16.9,16.89,16.88,16.91,16.92,16.93,2600,1200,19200,28200,42100,28100,16.9
176,139,BRABEVACNOR1BR00,ABEV3,1620837546798407,16.9,16.89,16.88,16.91,16.92,16.93,2600,1200,19200,28200,39500,28100,16.9
177,139,BRABEVACNOR1BR00,ABEV3,1620837546798437,16.9,16.89,16.88,16.91,16.92,16.93,2600,1200,19200,28200,39500,28100,16.9
178,139,BRABEVACNOR1BR00,ABEV3,1620837546798451,16.9,16.89,16.88,16.91,16.92,16.93,2600,1200,19200,28200,39500,30700,16.9
179,139,BRABEVACNOR1BR00,ABEV3,1620837546798468,16.9,16.89,16.88,16.91,16.92,16.93,2600,1200,19200,28200,39500,30700,16.9
180,139,BRABEVACNOR1BR00,ABEV3,1620837546798807,16.9,16.89,16.88,16.91,16.92,16.93,2600,1200,19200,28200,40100,30700,16.9
181,139,BRABEVACNOR1BR00,ABEV3,1620837546798827,16.9,16.89,16.88,16.91,16.92,16.93,2600,1200,19200,28200,40100,30700,16.9
182,139,BRABEVACNOR1BR00,ABEV3,1620837546799098,16.89,16.88,16.87,16.91,16.92,16.93,1200,19200,32000,28200,40100,30700,16.9
183,139,BRABEVACNOR1BR00,ABEV3,1620837546799129,16.9,16.89,16.88,16.91,16.92,16.93,400,800,19200,28200,40100,30700,16.9
184,139,BRABEVACNOR1BR00,ABEV3,1620837546801648,16.9,16.89,16.88,16.91,16.92,16.93,400,800,19200,28200,40100,30700,16.9
185,139,BRABEVACNOR1BR00,ABEV3,1620837546801670,16.9,16.89,16.88,16.91,16.92,16.93,400,800,19200,28200,40100,30700,16.9
186,139,BRABEVACNOR1BR00,ABEV3,1620837546801700,16.9,16.89,16.88,16.91,16.92,16.93,400,800,19200,28200,39600,30700,16.9
187,139,BRABEVACNOR1BR00,ABEV3,1620837546801718,16.9,16.89,16.88,16.91,16.92,16.93,400,800,19200,28200,39600,30700,16.9
188,139,BRABEVACNOR1BR00,ABEV3,1620837546801761,16.9,16.88,16.87,16.91,16.92,16.93,400,19200,31900,28200,39600,30700,16.9
189,139,BRABEVACNOR1BR00,ABEV3,1620837546801779,16.9,16.88,16.87,16.91,16.92,16.93,400,19200,31900,28200,39600,30700,16.9
190,139,BRABEVACNOR1BR00,ABEV3,1620837546801998,16.9,16.89,16.88,16.91,16.92,16.93,400,800,19200,28200,39600,30700,16.9
191,139,BRABEVACNOR1BR00,ABEV3,1620837546802016,16.9,16.89,16.88,16.91,16.92,16.93,400,800,19200,28200,39600,30700,16.9
192,139,BRABEVACNOR1BR00,ABEV3,1620837546803604,16.9,16.89,16.88,16.91,16.92,16.93,400,5400,19200,28200,39600,30700,16.9
193,139,BRABEVACNOR1BR00,ABEV3,1620837546803627,16.9,16.89,16.88,16.91,16.92,16.93,400,5400,19200,28200,39600,30700,16.9
194,139,BRABEVACNOR1BR00,ABEV3,1620837546804524,16.9,16.89,16.88,16.91,16.92,16.93,400,5400,19200,25600,39600,30700,16.91
195,139,BRABEVACNOR1BR00,ABEV3,1620837546804545,16.9,16.89,16.88,16.91,16.92,16.93,400,5400,19200,25600,39600,30700,16.91
196,139,BRABEVACNOR1BR00,ABEV3,1620837546805392,16.9,16.89,16.88,16.91,16.92,16.93,400,5400,19200,25600,37200,30700,16.91
197,139,BRABEVACNOR1BR00,ABEV3,1620837546805412,16.9,16.89,16.88,16.91,16.92,16.93,400,5400,19200,25600,37200,30700,16.91
198,139,BRABEVACNOR1BR00,ABEV3,1620837546805906,16.9,16.89,16.88,16.91,16.92,16.93,400,8700,15900,25600,37200,30700,16.91
199,139,BRABEVACNOR1BR00,ABEV3,1620837546805923,16.9,16.89,16.88,16.91,16.92,16.93,400,8700,15900,25600,37200,30700,16.91
200,139,BRABEVACNOR1BR00,ABEV3,1620837546811640,16.9,16.89,16.88,16.91,16.92,16.93,5300,8700,15900,25600,37200,30700,16.91
201,139,BRABEVACNOR1BR00,ABEV3,1620837546811661,16.9,16.89,16.88,16.91,16.92,16.93,5300,8700,15900,25600,37200,30700,16.91
202,139,BRABEVACNOR1BR00,ABEV3,1620837546812623,16.9,16.89,16.88,16.91,16.92,16.93,5300,8700,15900,26100,37200,30700,16.91
203,139,BRABEVACNOR1BR00,ABEV3,1620837546812655,16.9,16.89,16.88,16.91,16.92,16.93,5300,8700,15900,26100,37200,30700,16.91
204,139,BRABEVACNOR1BR00,ABEV3,1620837546812669,16.9,16.89,16.88,16.91,16.92,16.93,5300,8700,18400,26100,37200,30700,16.91
205,139,BRABEVACNOR1BR00,ABEV3,1620837546812731,16.9,16.89,16.88,16.91,16.92,16.93,5300,8700,18400,26100,37200,30700,16.91
206,139,BRABEVACNOR1BR00,ABEV3,1620837546821240,16.9,16.89,16.88,16.91,16.92,16.93,5300,8700,18400,26100,62100,30700,16.91
207,139,BRABEVACNOR1BR00,ABEV3,1620837546821267,16.9,16.89,16.88,16.91,16.92,16.93,5300,8700,18400,26100,62100,30700,16.91
208,139,BRABEVACNOR1BR00,ABEV3,1620837546833028,16.9,16.89,16.88,16.91,16.92,16.93,5300,8700,18400,25200,62100,30700,16.91
209,139,BRABEVACNOR1BR00,ABEV3,1620837546833064,16.9,16.89,16.88,16.91,16.92,16.93,5300,8700,18400,25200,62100,30700,16.91
210,139,BRABEVACNOR1BR00,ABEV3,1620837546887501,16.9,16.89,16.88,16.91,16.92,16.93,5300,8700,18500,25200,62100,30700,16.91
211,139,BRABEVACNOR1BR00,ABEV3,1620837546888767,16.9,16.89,16.88,16.91,16.92,16.93,5300,8700,18500,25300,62100,30700,16.91
212,139,BRABEVACNOR1BR00,ABEV3,1620837576193352,16.9,16.89,16.88,16.91,16.92,16.93,16700,7700,19100,48600,21700,26500,16.91
213,139,BRABEVACNOR1BR00,ABEV3,1620837576211650,16.9,16.89,16.88,16.91,16.92,16.93,17000,7700,19100,48600,21700,26500,16.91
214,139,BRABEVACNOR1BR00,ABEV3,1620837576212818,16.9,16.89,16.88,16.91,16.92,16.93,17000,7700,19100,48700,21700,26500,16.91
215,139,BRABEVACNOR1BR00,ABEV3,1620837596679781,16.89,16.88,16.87,16.9,16.91,16.92,11100,22000,48500,9300,24700,15600,16.9
216,139,BRABEVACNOR1BR00,ABEV3,1620837596681887,16.89,16.88,16.87,16.9,16.91,16.92,8500,20800,48500,9400,24700,22200,16.9
217,139,BRABEVACNOR1BR00,ABEV3,1620837600979380,16.89,16.88,16.87,16.9,16.91,16.92,17200,18000,46100,10900,16800,20000,16.9
218,139,BRABEVACNOR1BR00,ABEV3,1620837600979450,16.89,16.88,16.87,16.91,16.92,16.93,17200,18000,46100,16800,20000,24300,16.9
219,139,BRABEVACNOR1BR00,ABEV3,1620837600979499,16.9,16.89,16.88,16.91,16.92,16.93,1100,17200,18000,16800,20000,24300,16.9
220,139,BRABEVACNOR1BR00,ABEV3,1620837600979529,16.9,16.89,16.88,16.91,16.92,16.93,2200,17200,18000,16800,20000,24300,16.9
221,139,BRABEVACNOR1BR00,ABEV3,1620837600979567,16.9,16.89,16.88,16.91,16.92,16.93,3300,17200,18000,16800,20000,24300,16.9
222,139,BRABEVACNOR1BR00,ABEV3,1620837600980643,16.9,16.89,16.88,16.91,16.92,16.93,3300,17200,15500,16800,20000,24300,16.9
223,139,BRABEVACNOR1BR00,ABEV3,1620837600980669,16.9,16.89,16.88,16.91,16.92,16.93,3300,17200,15500,13800,20000,24300,16.9
224,139,BRABEVACNOR1BR00,ABEV3,1620837600980895,16.9,16.89,16.88,16.91,16.92,16.93,3300,17200,15500,9200,20000,24300,16.9
225,139,BRABEVACNOR1BR00,ABEV3,1620837600980953,16.9,16.89,16.88,16.91,16.92,16.93,3300,17200,15500,9100,20000,24300,16.9
226,139,BRABEVACNOR1BR00,ABEV3,1620837600981144,16.9,16.89,16.88,16.91,16.92,16.93,7900,17200,15500,9100,20000,24300,16.9
227,139,BRABEVACNOR1BR00,ABEV3,1620837600981182,16.9,16.89,16.88,16.91,16.92,16.93,7900,17200,15500,9100,20000,24300,16.9
228,139,BRABEVACNOR1BR00,ABEV3,1620837600981212,16.9,16.89,16.88,16.91,16.92,16.93,7900,17200,17000,9100,20000,24300,16.9
229,139,BRABEVACNOR1BR00,ABEV3,1620837600981234,16.9,16.89,16.88,16.91,16.92,16.93,7900,17200,17000,9100,20000,24300,16.9
230,139,BRABEVACNOR1BR00,ABEV3,1620837600981326,16.9,16.89,16.88,16.91,16.92,16.93,7900,17200,17000,9100,18100,24300,16.9
231,139,BRABEVACNOR1BR00,ABEV3,1620837600981356,16.9,16.89,16.88,16.91,16.92,16.93,7900,17200,17000,9100,18100,24300,16.9
232,139,BRABEVACNOR1BR00,ABEV3,1620837600981413,16.9,16.89,16.88,16.91,16.92,16.93,7900,17200,17000,9100,16600,24300,16.9
233,139,BRABEVACNOR1BR00,ABEV3,1620837600981455,16.9,16.89,16.88,16.91,16.92,16.93,7900,17200,17000,9100,16600,24300,16.9
234,139,BRABEVACNOR1BR00,ABEV3,1620837600981680,16.9,16.89,16.88,16.91,16.92,16.93,7900,17200,17000,9100,13400,24300,16.9
235,139,BRABEVACNOR1BR00,ABEV3,1620837600981708,16.9,16.89,16.88,16.91,16.92,16.93,7900,17200,17000,9100,13400,24300,16.9
236,139,BRABEVACNOR1BR00,ABEV3,1620837600983140,16.9,16.89,16.88,16.91,16.92,16.93,7900,17200,17000,9100,13400,22300,16.9
237,139,BRABEVACNOR1BR00,ABEV3,1620837600983167,16.9,16.89,16.88,16.91,16.92,16.93,7900,17200,17000,9100,13400,22300,16.9
238,139,BRABEVACNOR1BR00,ABEV3,1620837600983693,16.9,16.89,16.88,16.91,16.92,16.93,7900,19900,17000,9100,13400,22300,16.9
239,139,BRABEVACNOR1BR00,ABEV3,1620837600983721,16.9,16.89,16.88,16.91,16.92,16.93,7900,19900,17000,9100,13400,22300,16.9
240,139,BRABEVACNOR1BR00,ABEV3,1620837600983895,16.9,16.89,16.88,16.91,16.92,16.93,7900,19900,17100,9100,13400,22300,16.9
241,139,BRABEVACNOR1BR00,ABEV3,1620837600983927,16.9,16.89,16.88,16.91,16.92,16.93,7900,19900,17100,9100,13400,22300,16.9
242,139,BRABEVACNOR1BR00,ABEV3,1620837600984491,16.9,16.89,16.88,16.91,16.92,16.93,7900,19900,17100,9100,13400,22300,16.9
243,139,BRABEVACNOR1BR00,ABEV3,1620837600984508,16.9,16.89,16.88,16.91,16.92,16.93,7900,19900,17100,9100,13400,22300,16.9
244,139,BRABEVACNOR1BR00,ABEV3,1620837600989228,16.9,16.89,16.88,16.91,16.92,16.93,9400,18400,17100,9100,13400,22300,16.9
245,139,BRABEVACNOR1BR00,ABEV3,1620837600989257,16.9,16.89,16.88,16.91,16.92,16.93,9400,18400,17100,9100,13400,22300,16.9
246,139,BRABEVACNOR1BR00,ABEV3,1620837601031314,16.9,16.89,16.88,16.91,16.92,16.93,9400,13500,17100,9100,13400,22300,16.9
247,139,BRABEVACNOR1BR00,ABEV3,1620837601031340,16.9,16.89,16.88,16.91,16.92,16.93,9400,13500,17100,9100,13400,22300,16.9
248,139,BRABEVACNOR1BR00,ABEV3,1620837601032258,16.9,16.89,16.88,16.91,16.92,16.93,9400,16700,13800,9100,13400,22300,16.9
249,139,BRABEVACNOR1BR00,ABEV3,1620837601032279,16.9,16.89,16.88,16.91,16.92,16.93,9400,16700,13800,9100,13400,22300,16.9
250,139,BRABEVACNOR1BR00,ABEV3,1620837601032393,16.9,16.89,16.88,16.91,16.92,16.93,9400,16700,13800,9100,13400,22300,16.9
251,139,BRABEVACNOR1BR00,ABEV3,1620837601032424,16.9,16.89,16.88,16.91,16.92,16.93,9400,16700,13800,9100,13400,22300,16.9
252,139,BRABEVACNOR1BR00,ABEV3,1620837601032443,16.9,16.89,16.88,16.91,16.92,16.93,9400,16700,14200,9100,13400,22300,16.9
253,139,BRABEVACNOR1BR00,ABEV3,1620837601032463,16.9,16.89,16.88,16.91,16.92,16.93,9400,16700,14200,9100,13400,22300,16.9
254,139,BRABEVACNOR1BR00,ABEV3,1620837601069957,16.9,16.89,16.88,16.91,16.92,16.93,14300,16700,14200,9100,13400,22300,16.9
255,139,BRABEVACNOR1BR00,ABEV3,1620837601069981,16.9,16.89,16.88,16.91,16.92,16.93,14300,16700,14200,9100,13400,22300,16.9
256,139,BRABEVACNOR1BR00,ABEV3,1620837601081366,16.9,16.89,16.88,16.91,16.92,16.93,14300,16800,14200,9100,13400,22300,16.9
257,139,BRABEVACNOR1BR00,ABEV3,1620837601081396,16.9,16.89,16.88,16.91,16.92,16.93,14300,16800,14200,9100,13400,22300,16.9
258,139,BRABEVACNOR1BR00,ABEV3,1620837601081454,16.9,16.89,16.88,16.91,16.92,16.93,14300,16800,14200,9100,13400,22300,16.9
259,139,BRABEVACNOR1BR00,ABEV3,1620837601081480,16.9,16.89,16.88,16.91,16.92,16.93,14300,16800,14200,9100,13400,22300,16.9
260,139,BRABEVACNOR1BR00,ABEV3,1620837601089892,16.9,16.89,16.88,16.91,16.92,16.93,14300,16800,16700,9100,13400,22300,16.9
261,139,BRABEVACNOR1BR00,ABEV3,1620837601089919,16.9,16.89,16.88,16.91,16.92,16.93,14300,16800,16700,9100,13400,22300,16.9
262,139,BRABEVACNOR1BR00,ABEV3,1620837601149424,16.9,16.89,16.88,16.91,16.92,16.93,14300,16800,16700,10600,13400,22300,16.9
263,139,BRABEVACNOR1BR00,ABEV3,1620837601149456,16.9,16.89,16.88,16.91,16.92,16.93,14300,16800,16700,10600,13400,22300,16.9
264,139,BRABEVACNOR1BR00,ABEV3,1620837601150148,16.9,16.89,16.88,16.91,16.92,16.93,14300,16800,14200,10600,13400,22300,16.9
265,139,BRABEVACNOR1BR00,ABEV3,1620837601150174,16.9,16.89,16.88,16.91,16.92,16.93,14300,16800,14200,10600,13400,22300,16.9
266,139,BRABEVACNOR1BR00,ABEV3,1620837601150349,16.9,16.89,16.88,16.91,16.92,16.93,14300,16800,14200,10600,13400,25600,16.9
267,139,BRABEVACNOR1BR00,ABEV3,1620837601150368,16.9,16.89,16.88,16.91,16.92,16.93,14300,16800,14200,10600,13400,25600,16.9
268,139,BRABEVACNOR1BR00,ABEV3,1620837601151742,16.9,16.89,16.88,16.91,16.92,16.93,14300,16800,16700,10600,13400,25600,16.9
269,139,BRABEVACNOR1BR00,ABEV3,1620837601151764,16.9,16.89,16.88,16.91,16.92,16.93,14300,16800,16700,10600,13400,25600,16.9
270,139,BRABEVACNOR1BR00,ABEV3,1620837601158580,16.9,16.89,16.88,16.91,16.92,16.93,14400,16700,16700,10600,13400,25600,16.9
271,139,BRABEVACNOR1BR00,ABEV3,1620837601158600,16.9,16.89,16.88,16.91,16.92,16.93,14400,16700,16700,10600,13400,25600,16.9
272,139,BRABEVACNOR1BR00,ABEV3,1620837601159242,16.9,16.89,16.88,16.91,16.92,16.93,14400,16700,14200,10600,13400,25600,16.9
273,139,BRABEVACNOR1BR00,ABEV3,1620837601159259,16.9,16.89,16.88,16.91,16.92,16.93,14400,16700,14200,10600,13400,25600,16.9
274,139,BRABEVACNOR1BR00,ABEV3,1620837601160434,16.9,16.89,16.88,16.91,16.92,16.93,14400,16700,16700,10600,13400,25600,16.9
275,139,BRABEVACNOR1BR00,ABEV3,1620837601160461,16.9,16.89,16.88,16.91,16.92,16.93,14400,16700,16700,10600,13400,25600,16.9
276,139,BRABEVACNOR1BR00,ABEV3,1620837601161744,16.9,16.89,16.88,16.91,16.92,16.93,14700,16700,16700,10600,13400,25600,16.9
277,139,BRABEVACNOR1BR00,ABEV3,1620837601161766,16.9,16.89,16.88,16.91,16.92,16.93,14700,16700,16700,10600,13400,25600,16.9
278,139,BRABEVACNOR1BR00,ABEV3,1620837601162407,16.9,16.89,16.88,16.91,16.92,16.93,14700,16700,14200,10600,13400,25600,16.9
279,139,BRABEVACNOR1BR00,ABEV3,1620837601162426,16.9,16.89,16.88,16.91,16.92,16.93,14700,16700,14200,10600,13400,25600,16.9
280,139,BRABEVACNOR1BR00,ABEV3,1620837601163504,16.9,16.89,16.88,16.91,16.92,16.93,14700,16700,16700,10600,13400,25600,16.9
281,139,BRABEVACNOR1BR00,ABEV3,1620837601164902,16.9,16.89,16.88,16.91,16.92,16.93,14700,16700,16700,10700,13400,25600,16.9
282,139,BRABEVACNOR1BR00,ABEV3,1620837607021059,16.9,16.89,16.88,16.91,16.92,16.93,11200,15300,22800,19200,15400,27500,16.91
283,139,BRABEVACNOR1BR00,ABEV3,1620837607021258,16.9,16.89,16.88,16.91,16.92,16.93,11200,15300,22800,19200,15400,27500,16.91
284,139,BRABEVACNOR1BR00,ABEV3,1620837607026402,16.91,16.9,16.89,16.92,16.93,16.94,700,15800,15300,9900,20800,37800,16.91
285,139,BRABEVACNOR1BR00,ABEV3,1620837607026579,16.91,16.9,16.89,16.92,16.93,16.94,700,15800,15300,9900,20800,37800,16.91
286,139,BRABEVACNOR1BR00,ABEV3,1620837607026957,16.91,16.9,16.89,16.92,16.93,16.94,700,15800,16800,9900,20800,37800,16.91
287,139,BRABEVACNOR1BR00,ABEV3,1620837607031644,16.91,16.9,16.89,16.92,16.93,16.94,4300,19700,13500,8000,18800,43600,16.92
288,139,BRABEVACNOR1BR00,ABEV3,1620837618122945,16.91,16.9,16.89,16.92,16.93,16.94,25700,13000,21000,3600,12700,41600,16.92
289,139,BRABEVACNOR1BR00,ABEV3,1620837618281147,16.91,16.9,16.89,16.92,16.93,16.94,31700,13000,21000,3600,12700,41600,16.92
290,139,BRABEVACNOR1BR00,ABEV3,1620837618282388,16.91,16.9,16.89,16.92,16.93,16.94,31700,13000,21000,3700,12700,41600,16.92
291,139,BRABEVACNOR1BR00,ABEV3,1620837635785600,16.91,16.9,16.89,16.92,16.93,16.94,22300,13600,23500,32700,13800,27600,16.92
292,139,BRABEVACNOR1BR00,ABEV3,1620837635785972,16.91,16.9,16.89,16.92,16.93,16.94,22300,13600,22600,32700,13800,27600,16.92
293,139,BRABEVACNOR1BR00,ABEV3,1620837635787068,16.91,16.9,16.89,16.92,16.93,16.94,22300,13600,21000,32800,13800,27600,16.92
294,139,BRABEVACNOR1BR00,ABEV3,1620837664333101,16.9,16.89,16.88,16.91,16.92,16.93,7800,19300,37300,5100,21300,19600,16.91
295,139,BRABEVACNOR1BR00,ABEV3,1620837664336623,16.9,16.89,16.88,16.91,16.92,16.93,7700,15300,37300,6300,21300,19600,16.91
296,139,BRABEVACNOR1BR00,ABEV3,1620837670948926,16.9,16.89,16.88,16.91,16.92,16.93,19100,16200,36800,10600,15200,42900,16.91
297,139,BRABEVACNOR1BR00,ABEV3,1620837670949308,16.9,16.89,16.88,16.91,16.92,16.93,19100,16200,36800,10600,12400,42900,16.91
298,139,BRABEVACNOR1BR00,ABEV3,1620837670950430,16.9,16.89,16.88,16.91,16.92,16.93,19100,16200,36800,10700,12400,42900,16.91
299,139,BRABEVACNOR1BR00,ABEV3,1620837680352945,16.9,16.89,16.88,16.91,16.92,16.93,20900,16300,36700,2600,43700,17000,16.91
300,139,BRABEVACNOR1BR00,ABEV3,1620837680524719,16.9,16.89,16.88,16.91,16.92,16.93,20900,16300,36700,2500,43700,17000,16.91
301,139,BRABEVACNOR1BR00,ABEV3,1620837680525956,16.9,16.89,16.88,16.91,16.92,16.93,20900,16300,36700,2600,43700,17000,16.91
302,139,BRABEVACNOR1BR00,ABEV3,1620837691464117,16.9,16.89,16.88,16.91,16.92,16.93,22600,13100,39800,31300,23000,24800,16.91
303,139,BRABEVACNOR1BR00,ABEV3,1620837691638042,16.9,16.89,16.88,16.91,16.92,16.93,22600,13100,39800,26700,23000,24800,16.91
304,139,BRABEVACNOR1BR00,ABEV3,1620837691639674,16.9,16.89,16.88,16.91,16.92,16.93,22600,13100,39800,26800,23000,24800,16.91
305,139,BRABEVACNOR1BR00,ABEV3,1620837720430173,16.9,16.89,16.88,16.91,16.92,16.93,3100,13000,40400,15800,26500,36800,16.91
306,139,BRABEVACNOR1BR00,ABEV3,1620837720453379,16.9,16.89,16.88,16.91,16.92,16.93,1100,13000,40400,15800,26500,36800,16.91
307,139,BRABEVACNOR1BR00,ABEV3,1620837720454493,16.9,16.89,16.88,16.91,16.92,16.93,1100,13000,40400,15900,26500,36800,16.91
308,139,BRABEVACNOR1BR00,ABEV3,1620837760067431,16.89,16.88,16.87,16.9,16.91,16.92,18700,16900,67100,20600,24500,22600,16.91
309,139,BRABEVACNOR1BR00,ABEV3,1620837760069370,16.89,16.88,16.87,16.9,16.91,16.92,9700,12000,67100,20700,24500,27900,16.91
310,139,BRABEVACNOR1BR00,ABEV3,1620837776498254,16.89,16.88,16.87,16.9,16.91,16.92,6400,13000,70200,39800,19400,53300,16.9
311,139,BRABEVACNOR1BR00,ABEV3,1620837776608365,16.89,16.88,16.87,16.9,16.91,16.92,6400,13000,70200,42800,19400,53300,16.9
312,139,BRABEVACNOR1BR00,ABEV3,1620837776609575,16.89,16.88,16.87,16.9,16.91,16.92,5300,13000,70200,42900,19400,53300,16.9
313,139,BRABEVACNOR1BR00,ABEV3,1620837781874064,16.88,16.87,16.86,16.89,16.9,16.91,12700,70200,44000,2200,41600,19300,16.89
314,139,BRABEVACNOR1BR00,ABEV3,1620837781876671,16.88,16.87,16.86,16.89,16.9,16.91,10600,59500,44000,2300,41500,20800,16.89
315,139,BRABEVACNOR1BR00,ABEV3,1620837783456610,16.88,16.87,16.86,16.89,16.9,16.91,12700,53400,49800,5600,40200,50200,16.89
316,139,BRABEVACNOR1BR00,ABEV3,1620837783457912,16.88,16.87,16.86,16.89,16.9,16.91,12700,53400,49800,5600,40200,50200,16.89
317,139,BRABEVACNOR1BR00,ABEV3,1620837783459158,16.88,16.87,16.86,16.89,16.9,16.91,12700,53400,49800,5700,40200,50200,16.89
318,139,BRABEVACNOR1BR00,ABEV3,1620837786592231,16.88,16.87,16.86,16.9,16.91,16.92,14100,59300,46600,39100,44100,26000,16.89
319,139,BRABEVACNOR1BR00,ABEV3,1620837786592369,16.88,16.87,16.86,16.9,16.91,16.92,14100,59300,46600,39100,44100,26000,16.89
320,139,BRABEVACNOR1BR00,ABEV3,1620837786593099,16.88,16.87,16.86,16.9,16.91,16.92,14100,59600,46600,39100,44100,26000,16.89
321,139,BRABEVACNOR1BR00,ABEV3,1620837786594559,16.89,16.88,16.87,16.9,16.91,16.92,2200,14100,67100,37000,36900,26000,16.89
322,139,BRABEVACNOR1BR00,ABEV3,1620837824257076,16.88,16.87,16.86,16.89,16.9,16.91,27700,65200,44800,500,49500,21300,16.89
323,139,BRABEVACNOR1BR00,ABEV3,1620837824258725,16.88,16.87,16.86,16.9,16.91,16.92,23700,65200,44800,49400,21300,31300,16.89
324,139,BRABEVACNOR1BR00,ABEV3,1620837824258885,16.88,16.87,16.86,16.9,16.91,16.92,23700,65200,44800,49400,21300,31300,16.89
325,439,BRALPAACNPR7BR00,ALPA4,1620837328283370,43.18,43.17,43.16,43.21,43.22,43.23,600,300,500,2400,2900,100,43.21
326,439,BRALPAACNPR7BR00,ALPA4,1620837328283389,43.18,43.17,43.16,43.21,43.22,43.23,600,300,500,2400,2900,100,43.21
327,439,BRALPAACNPR7BR00,ALPA4,1620837329000550,43.18,43.17,43.16,43.21,43.22,43.23,600,400,400,2400,2900,100,43.21
328,439,BRALPAACNPR7BR00,ALPA4,1620837329000577,43.18,43.17,43.16,43.21,43.22,43.23,600,400,400,2400,2900,100,43.21
329,439,BRALPAACNPR7BR00,ALPA4,1620837330505116,43.18,43.17,43.16,43.21,43.22,43.24,600,400,400,2400,2900,500,43.21
330,439,BRALPAACNPR7BR00,ALPA4,1620837330505135,43.18,43.17,43.16,43.21,43.22,43.24,600,400,400,2400,2900,500,43.21
331,439,BRALPAACNPR7BR00,ALPA4,1620837330506359,43.18,43.17,43.16,43.21,43.22,43.24,600,400,400,2500,2900,500,43.21
332,439,BRALPAACNPR7BR00,ALPA4,1620837330506377,43.18,43.17,43.16,43.21,43.22,43.24,600,400,400,2500,2900,500,43.21
333,439,BRALPAACNPR7BR00,ALPA4,1620837330511502,43.18,43.17,43.16,43.21,43.22,43.24,500,400,400,2500,2900,500,43.18
334,439,BRALPAACNPR7BR00,ALPA4,1620837330511527,43.18,43.17,43.16,43.21,43.22,43.24,500,400,400,2400,2900,500,43.18
335,439,BRALPAACNPR7BR00,ALPA4,1620837331686706,43.18,43.17,43.16,43.2,43.21,43.22,500,400,400,100,2400,2900,43.18
336,439,BRALPAACNPR7BR00,ALPA4,1620837331686726,43.18,43.17,43.16,43.2,43.21,43.22,500,400,400,100,2400,2900,43.18
337,439,BRALPAACNPR7BR00,ALPA4,1620837331687623,43.18,43.17,43.16,43.2,43.21,43.22,500,400,400,100,2400,2900,43.18
338,439,BRALPAACNPR7BR00,ALPA4,1620837331687645,43.18,43.17,43.16,43.2,43.21,43.22,500,400,400,100,2400,2900,43.18
339,439,BRALPAACNPR7BR00,ALPA4,1620837331687689,43.18,43.17,43.16,43.2,43.21,43.22,500,400,400,200,2400,2900,43.18
340,439,BRALPAACNPR7BR00,ALPA4,1620837331687736,43.18,43.17,43.16,43.2,43.21,43.22,500,400,400,400,2400,2900,43.18
341,439,BRALPAACNPR7BR00,ALPA4,1620837331688341,43.18,43.17,43.16,43.2,43.21,43.22,300,400,400,400,2400,2900,43.18
342,439,BRALPAACNPR7BR00,ALPA4,1620837331688358,43.18,43.17,43.16,43.2,43.21,43.22,300,400,400,400,2400,2900,43.18
343,439,BRALPAACNPR7BR00,ALPA4,1620837331716003,43.18,43.17,43.16,43.2,43.21,43.22,300,400,400,1800,1000,2900,43.18
344,439,BRALPAACNPR7BR00,ALPA4,1620837331716021,43.18,43.17,43.16,43.2,43.21,43.22,300,400,400,1800,1000,2900,43.18
345,439,BRALPAACNPR7BR00,ALPA4,1620837331716695,43.18,43.17,43.16,43.2,43.21,43.22,300,400,300,1800,1000,2900,43.18
346,439,BRALPAACNPR7BR00,ALPA4,1620837331716715,43.18,43.17,43.16,43.2,43.21,43.22,300,400,300,1800,1000,2900,43.18
347,439,BRALPAACNPR7BR00,ALPA4,1620837332087488,43.18,43.17,43.16,43.2,43.21,43.22,300,400,300,2000,1000,2700,43.18
348,439,BRALPAACNPR7BR00,ALPA4,1620837332087506,43.18,43.17,43.16,43.2,43.21,43.22,300,400,300,2000,1000,2700,43.18
349,439,BRALPAACNPR7BR00,ALPA4,1620837332397153,43.18,43.17,43.16,43.2,43.21,43.22,300,500,300,2000,1000,2700,43.18
350,439,BRALPAACNPR7BR00,ALPA4,1620837332398226,43.18,43.17,43.16,43.2,43.21,43.22,400,500,300,2000,1000,2700,43.18
351,439,BRALPAACNPR7BR00,ALPA4,1620837335056853,43.17,43.16,43.15,43.19,43.2,43.21,500,300,1900,2100,1000,1100,43.18
352,439,BRALPAACNPR7BR00,ALPA4,1620837335056878,43.17,43.16,43.15,43.19,43.2,43.21,500,300,1900,2100,1000,1100,43.18
353,439,BRALPAACNPR7BR00,ALPA4,1620837335057047,43.17,43.16,43.15,43.19,43.2,43.21,500,300,1900,2100,1000,1100,43.18
354,439,BRALPAACNPR7BR00,ALPA4,1620837335107695,43.17,43.16,43.15,43.19,43.2,43.21,500,400,1900,2100,1000,1100,43.18
355,439,BRALPAACNPR7BR00,ALPA4,1620837335107719,43.17,43.16,43.15,43.19,43.2,43.21,500,400,1900,2100,1000,1100,43.18
356,439,BRALPAACNPR7BR00,ALPA4,1620837335207536,43.17,43.16,43.15,43.19,43.2,43.21,500,300,1900,2100,1000,1100,43.18
357,439,BRALPAACNPR7BR00,ALPA4,1620837335208759,43.17,43.16,43.15,43.19,43.2,43.21,600,300,1900,2100,1000,1100,43.18
358,439,BRALPAACNPR7BR00,ALPA4,1620837341409924,43.18,43.17,43.16,43.19,43.2,43.21,300,2900,400,500,700,300,43.18
359,439,BRALPAACNPR7BR00,ALPA4,1620837341409949,43.18,43.17,43.16,43.19,43.2,43.21,300,2900,400,500,700,300,43.18
360,439,BRALPAACNPR7BR00,ALPA4,1620837341411467,43.19,43.18,43.17,43.2,43.21,43.22,1000,400,2900,500,200,1500,43.19
361,439,BRALPAACNPR7BR00,ALPA4,1620837341411492,43.19,43.18,43.17,43.2,43.21,43.22,1000,400,2900,500,200,1500,43.19
362,439,BRALPAACNPR7BR00,ALPA4,1620837346016466,43.2,43.19,43.18,43.22,43.23,43.24,1000,1200,300,1100,200,700,43.2
363,439,BRALPAACNPR7BR00,ALPA4,1620837346017934,43.2,43.19,43.18,43.22,43.23,43.24,1400,1200,300,1500,100,200,43.2
364,439,BRALPAACNPR7BR00,ALPA4,1620837348432134,43.21,43.2,43.19,43.22,43.25,43.26,200,1700,1400,1500,300,1800,43.2
365,439,BRALPAACNPR7BR00,ALPA4,1620837348432162,43.21,43.2,43.19,43.22,43.25,43.26,200,1700,1400,1500,300,1800,43.2
366,439,BRALPAACNPR7BR00,ALPA4,1620837363920936,43.22,43.21,43.2,43.26,43.27,43.28,300,2500,1600,300,100,1700,43.22
367,439,BRALPAACNPR7BR00,ALPA4,1620837363922332,43.22,43.21,43.2,43.26,43.27,43.28,700,2700,1500,1000,100,700,43.22
368,439,BRALPAACNPR7BR00,ALPA4,1620837363922528,43.23,43.22,43.21,43.26,43.27,43.28,100,700,2700,1000,100,700,43.22
369,439,BRALPAACNPR7BR00,ALPA4,1620837363923755,43.23,43.22,43.21,43.26,43.27,43.28,100,600,2700,1000,100,600,43.22
370,439,BRALPAACNPR7BR00,ALPA4,1620837363937456,43.23,43.22,43.21,43.25,43.26,43.27,100,600,2700,100,1000,100,43.22
371,439,BRALPAACNPR7BR00,ALPA4,1620837363938646,43.22,43.21,43.2,43.25,43.26,43.27,700,2700,1500,300,1000,100,43.22
372,439,BRALPAACNPR7BR00,ALPA4,1620837364073709,43.25,43.22,43.21,43.26,43.27,43.28,300,700,2500,1000,100,600,43.25
373,439,BRALPAACNPR7BR00,ALPA4,1620837364074978,43.25,43.22,43.21,43.26,43.27,43.28,400,400,2500,1000,100,200,43.25
374,439,BRALPAACNPR7BR00,ALPA4,1620837364075987,43.22,43.21,43.2,43.26,43.27,43.28,300,2500,1300,1000,100,200,43.25
375,439,BRALPAACNPR7BR00,ALPA4,1620837364076167,43.22,43.21,43.2,43.26,43.27,43.28,300,2500,1300,1000,100,200,43.25
376,439,BRALPAACNPR7BR00,ALPA4,1620837364076579,43.22,43.21,43.2,43.26,43.27,43.28,300,2500,1300,1000,100,200,43.25
377,439,BRALPAACNPR7BR00,ALPA4,1620837364077634,43.22,43.21,43.2,43.26,43.27,43.28,700,2500,1300,1000,100,200,43.25
378,439,BRALPAACNPR7BR00,ALPA4,1620837364078323,43.23,43.22,43.21,43.26,43.27,43.28,300,700,2500,1000,100,200,43.25
379,439,BRALPAACNPR7BR00,ALPA4,1620837364079388,43.23,43.22,43.21,43.26,43.27,43.28,600,700,2500,1000,100,200,43.25
380,439,BRALPAACNPR7BR00,ALPA4,1620837364149693,43.24,43.23,43.22,43.26,43.27,43.28,200,700,300,1100,100,200,43.25
381,439,BRALPAACNPR7BR00,ALPA4,1620837364150967,43.24,43.23,43.22,43.26,43.27,43.28,300,300,300,1100,100,200,43.25
382,439,BRALPAACNPR7BR00,ALPA4,1620837367520160,43.24,43.23,43.22,43.26,43.27,43.28,100,200,200,1300,100,200,43.24
383,439,BRALPAACNPR7BR00,ALPA4,1620837367520277,43.24,43.23,43.22,43.26,43.27,43.28,100,200,200,1300,100,200,43.24
384,439,BRALPAACNPR7BR00,ALPA4,1620837367520913,43.24,43.23,43.22,43.26,43.27,43.28,100,200,200,1300,100,200,43.24
385,439,BRALPAACNPR7BR00,ALPA4,1620837367521967,43.24,43.23,43.22,43.25,43.26,43.27,100,200,200,300,1300,300,43.24
386,439,BRALPAACNPR7BR00,ALPA4,1620837367522126,43.24,43.23,43.22,43.25,43.26,43.27,100,200,200,400,1300,300,43.24
387,439,BRALPAACNPR7BR00,ALPA4,1620837367523161,43.23,43.22,43.21,43.25,43.26,43.27,300,200,200,500,1300,300,43.24
388,439,BRALPAACNPR7BR00,ALPA4,1620837367657659,43.24,43.23,43.22,43.25,43.26,43.27,100,300,200,200,1300,300,43.24
389,439,BRALPAACNPR7BR00,ALPA4,1620837367658862,43.24,43.23,43.22,43.25,43.26,43.27,200,200,200,200,1300,300,43.24
390,439,BRALPAACNPR7BR00,ALPA4,1620837392480013,43.24,43.23,43.22,43.25,43.26,43.27,2200,300,200,3300,700,100,43.24
391,439,BRALPAACNPR7BR00,ALPA4,1620837392480710,43.24,43.23,43.22,43.25,43.26,43.27,2200,300,200,3300,700,100,43.24
392,439,BRALPAACNPR7BR00,ALPA4,1620837392480739,43.24,43.23,43.22,43.25,43.26,43.27,2200,300,200,3300,700,100,43.24
393,439,BRALPAACNPR7BR00,ALPA4,1620837392481197,43.24,43.23,43.22,43.25,43.26,43.27,1700,300,200,3300,700,100,43.24
394,439,BRALPAACNPR7BR00,ALPA4,1620837392481237,43.24,43.23,43.22,43.25,43.26,43.27,1700,300,200,3300,700,100,43.24
395,439,BRALPAACNPR7BR00,ALPA4,1620837392482104,43.23,43.22,43.21,43.25,43.26,43.27,300,200,100,3300,700,100,43.24
396,439,BRALPAACNPR7BR00,ALPA4,1620837392482134,43.23,43.22,43.21,43.25,43.26,43.27,300,200,100,3300,700,100,43.24
397,439,BRALPAACNPR7BR00,ALPA4,1620837392483276,43.22,43.21,43.2,43.25,43.26,43.27,200,100,1000,3300,700,100,43.23
398,439,BRALPAACNPR7BR00,ALPA4,1620837392483314,43.22,43.21,43.2,43.25,43.26,43.27,200,100,1000,3300,700,100,43.23
399,439,BRALPAACNPR7BR00,ALPA4,1620837392483337,43.22,43.2,43.19,43.25,43.26,43.27,200,1000,1100,3300,700,100,43.23
400,439,BRALPAACNPR7BR00,ALPA4,1620837392483372,43.22,43.2,43.19,43.25,43.26,43.27,200,1000,1100,3300,800,100,43.23
401,439,BRALPAACNPR7BR00,ALPA4,1620837392483403,43.22,43.2,43.19,43.25,43.26,43.27,200,1000,1100,3300,800,100,43.23
402,439,BRALPAACNPR7BR00,ALPA4,1620837392483420,43.22,43.2,43.19,43.25,43.26,43.27,200,1000,1100,3300,800,100,43.23
403,439,BRALPAACNPR7BR00,ALPA4,1620837392483611,43.22,43.2,43.19,43.24,43.25,43.26,200,1000,1100,300,3300,800,43.23
404,439,BRALPAACNPR7BR00,ALPA4,1620837392483628,43.22,43.2,43.19,43.24,43.25,43.26,200,1000,1100,300,3300,800,43.23
405,439,BRALPAACNPR7BR00,ALPA4,1620837392483883,43.22,43.2,43.19,43.24,43.25,43.26,200,1000,1100,400,3300,800,43.23
406,439,BRALPAACNPR7BR00,ALPA4,1620837392483908,43.22,43.2,43.19,43.24,43.25,43.26,200,1000,1100,400,3300,800,43.23
407,439,BRALPAACNPR7BR00,ALPA4,1620837392485113,43.22,43.2,43.19,43.24,43.25,43.26,200,1000,1100,400,3500,800,43.23
408,439,BRALPAACNPR7BR00,ALPA4,1620837392485136,43.22,43.2,43.19,43.24,43.25,43.26,200,1000,1100,400,3500,800,43.23
409,439,BRALPAACNPR7BR00,ALPA4,1620837392485612,43.22,43.2,43.19,43.24,43.25,43.26,200,1000,1100,600,3500,800,43.23
410,439,BRALPAACNPR7BR00,ALPA4,1620837392485636,43.22,43.2,43.19,43.24,43.25,43.26,200,1000,1100,600,3500,800,43.23
411,439,BRALPAACNPR7BR00,ALPA4,1620837392486598,43.22,43.2,43.19,43.24,43.25,43.26,200,1000,1100,600,3500,800,43.23
412,439,BRALPAACNPR7BR00,ALPA4,1620837392486613,43.22,43.2,43.19,43.24,43.25,43.26,200,1000,1100,600,3500,800,43.23
413,439,BRALPAACNPR7BR00,ALPA4,1620837392544899,43.22,43.2,43.19,43.24,43.25,43.26,200,1000,1100,1900,2200,800,43.23
414,439,BRALPAACNPR7BR00,ALPA4,1620837392544954,43.22,43.2,43.19,43.24,43.25,43.26,200,1000,1100,1900,2200,800,43.23
415,439,BRALPAACNPR7BR00,ALPA4,1620837392545548,43.2,43.19,43.18,43.24,43.25,43.26,1000,1100,100,1900,2200,800,43.23
416,439,BRALPAACNPR7BR00,ALPA4,1620837392545588,43.2,43.19,43.18,43.24,43.25,43.26,1000,1100,100,1900,2200,800,43.23
417,439,BRALPAACNPR7BR00,ALPA4,1620837392546417,43.2,43.19,43.18,43.24,43.25,43.26,1000,1100,100,1900,2200,800,43.23
418,439,BRALPAACNPR7BR00,ALPA4,1620837392546447,43.2,43.19,43.18,43.24,43.25,43.26,1000,900,100,1900,2200,800,43.23
419,439,BRALPAACNPR7BR00,ALPA4,1620837392546508,43.2,43.19,43.18,43.24,43.25,43.26,1000,900,100,1900,2200,800,43.23
420,439,BRALPAACNPR7BR00,ALPA4,1620837392546533,43.2,43.19,43.18,43.24,43.25,43.26,1000,900,100,1900,2200,800,43.23
421,439,BRALPAACNPR7BR00,ALPA4,1620837392546701,43.2,43.19,43.18,43.24,43.25,43.26,1000,900,100,1900,2200,800,43.23
422,439,BRALPAACNPR7BR00,ALPA4,1620837392546724,43.2,43.19,43.18,43.24,43.25,43.26,1000,900,100,1900,2200,800,43.23
423,439,BRALPAACNPR7BR00,ALPA4,1620837392546777,43.2,43.19,43.18,43.23,43.24,43.25,1000,900,100,300,1900,2200,43.23
424,439,BRALPAACNPR7BR00,ALPA4,1620837392546803,43.2,43.19,43.18,43.23,43.24,43.25,1000,900,100,300,1900,2200,43.23
425,439,BRALPAACNPR7BR00,ALPA4,1620837392547095,43.2,43.19,43.18,43.23,43.24,43.25,1000,900,100,300,1800,2200,43.23
426,439,BRALPAACNPR7BR00,ALPA4,1620837392547122,43.2,43.19,43.18,43.23,43.24,43.25,1000,900,100,300,1800,2200,43.23
427,439,BRALPAACNPR7BR00,ALPA4,1620837392547630,43.2,43.19,43.18,43.23,43.24,43.25,1000,900,100,300,1800,2200,43.23
428,439,BRALPAACNPR7BR00,ALPA4,1620837392548867,43.2,43.19,43.18,43.23,43.24,43.25,1100,900,100,300,1800,2200,43.23
429,439,BRALPAACNPR7BR00,ALPA4,1620837392566914,43.21,43.2,43.19,43.23,43.24,43.25,100,1100,900,100,1800,2100,43.23
430,439,BRALPAACNPR7BR00,ALPA4,1620837392566943,43.21,43.2,43.19,43.23,43.24,43.25,100,1100,900,100,1800,2100,43.23
431,439,BRALPAACNPR7BR00,ALPA4,1620837392569934,43.22,43.21,43.2,43.25,43.26,43.27,100,100,1100,2100,800,100,43.24
432,439,BRALPAACNPR7BR00,ALPA4,1620837392569960,43.22,43.21,43.2,43.25,43.26,43.27,100,100,1100,2100,800,100,43.24
433,439,BRALPAACNPR7BR00,ALPA4,1620837392571596,43.23,43.22,43.21,43.26,43.28,43.29,100,100,100,800,400,600,43.25
434,439,BRALPAACNPR7BR00,ALPA4,1620837392571621,43.23,43.22,43.21,43.26,43.28,43.29,100,100,100,800,400,600,43.25
435,439,BRALPAACNPR7BR00,ALPA4,1620837392572558,43.24,43.23,43.22,43.26,43.28,43.29,100,100,100,700,400,600,43.25
436,439,BRALPAACNPR7BR00,ALPA4,1620837392572607,43.24,43.23,43.22,43.25,43.26,43.28,100,100,100,200,700,400,43.25
437,439,BRALPAACNPR7BR00,ALPA4,1620837392587681,43.23,43.22,43.21,43.24,43.25,43.26,100,100,600,100,200,700,43.24
438,439,BRALPAACNPR7BR00,ALPA4,1620837392587708,43.23,43.22,43.21,43.24,43.25,43.26,100,100,600,100,200,700,43.24
439,439,BRALPAACNPR7BR00,ALPA4,1620837392608502,43.24,43.23,43.22,43.25,43.26,43.28,100,100,100,200,700,400,43.24
440,439,BRALPAACNPR7BR00,ALPA4,1620837392608529,43.24,43.23,43.22,43.25,43.26,43.28,100,100,100,200,700,400,43.24
441,439,BRALPAACNPR7BR00,ALPA4,1620837392636922,43.23,43.22,43.21,43.25,43.26,43.28,200,100,300,300,700,400,43.24
442,439,BRALPAACNPR7BR00,ALPA4,1620837392636959,43.23,43.22,43.21,43.25,43.26,43.28,200,100,300,300,700,400,43.24
443,439,BRALPAACNPR7BR00,ALPA4,1620837392703815,43.24,43.23,43.22,43.26,43.27,43.28,100,200,100,700,200,400,43.26
444,439,BRALPAACNPR7BR00,ALPA4,1620837392703839,43.24,43.23,43.22,43.26,43.27,43.28,100,200,100,700,200,400,43.26
445,439,BRALPAACNPR7BR00,ALPA4,1620837392704569,43.23,43.22,43.21,43.26,43.28,43.29,200,100,400,700,400,600,43.26
446,439,BRALPAACNPR7BR00,ALPA4,1620837392704590,43.23,43.22,43.21,43.26,43.28,43.29,200,100,400,700,400,600,43.26
447,439,BRALPAACNPR7BR00,ALPA4,1620837392705734,43.24,43.23,43.22,43.26,43.28,43.29,100,200,100,700,400,600,43.26
448,439,BRALPAACNPR7BR00,ALPA4,1620837392705755,43.24,43.23,43.22,43.26,43.28,43.29,100,200,100,700,400,600,43.26
449,439,BRALPAACNPR7BR00,ALPA4,1620837392707771,43.23,43.22,43.21,43.26,43.28,43.29,200,100,400,700,400,600,43.26
450,439,BRALPAACNPR7BR00,ALPA4,1620837392707794,43.23,43.22,43.21,43.26,43.28,43.29,200,100,400,700,400,600,43.26
451,439,BRALPAACNPR7BR00,ALPA4,1620837393432854,43.24,43.23,43.22,43.25,43.28,43.29,100,200,100,800,400,600,43.24
452,439,BRALPAACNPR7BR00,ALPA4,1620837393432878,43.24,43.23,43.22,43.25,43.28,43.29,100,200,100,800,400,600,43.24
453,439,BRALPAACNPR7BR00,ALPA4,1620837393433172,43.23,43.22,43.21,43.25,43.28,43.29,200,100,100,800,400,600,43.24
454,439,BRALPAACNPR7BR00,ALPA4,1620837393433205,43.23,43.22,43.21,43.25,43.28,43.29,200,100,100,800,400,600,43.24
455,439,BRALPAACNPR7BR00,ALPA4,1620837393536819,43.24,43.23,43.22,43.25,43.28,43.29,100,300,100,1000,400,600,43.24
456,439,BRALPAACNPR7BR00,ALPA4,1620837393536846,43.24,43.23,43.22,43.25,43.28,43.29,100,300,100,1000,400,600,43.24
457,439,BRALPAACNPR7BR00,ALPA4,1620837393537711,43.23,43.22,43.21,43.25,43.28,43.29,300,100,100,1000,400,600,43.24
458,439,BRALPAACNPR7BR00,ALPA4,1620837393537741,43.23,43.22,43.21,43.25,43.28,43.29,300,100,100,1000,400,600,43.24
459,439,BRALPAACNPR7BR00,ALPA4,1620837393573732,43.24,43.23,43.22,43.25,43.28,43.29,100,300,100,1000,400,600,43.24
460,439,BRALPAACNPR7BR00,ALPA4,1620837393573767,43.24,43.23,43.22,43.25,43.28,43.29,100,300,100,1000,400,600,43.24
461,439,BRALPAACNPR7BR00,ALPA4,1620837393574546,43.23,43.22,43.21,43.25,43.28,43.29,300,100,100,1000,400,600,43.24
462,439,BRALPAACNPR7BR00,ALPA4,1620837393574564,43.23,43.22,43.21,43.25,43.28,43.29,300,100,100,1000,400,600,43.24
463,439,BRALPAACNPR7BR00,ALPA4,1620837393575650,43.24,43.23,43.22,43.25,43.28,43.29,100,300,100,1000,400,600,43.24
464,439,BRALPAACNPR7BR00,ALPA4,1620837393575682,43.24,43.23,43.22,43.25,43.28,43.29,100,300,100,1000,400,600,43.24
465,439,BRALPAACNPR7BR00,ALPA4,1620837393576342,43.23,43.22,43.21,43.25,43.28,43.29,300,100,100,1000,400,600,43.24
466,439,BRALPAACNPR7BR00,ALPA4,1620837393576358,43.23,43.22,43.21,43.25,43.28,43.29,300,100,100,1000,400,600,43.24
467,439,BRALPAACNPR7BR00,ALPA4,1620837393601628,43.24,43.23,43.22,43.25,43.28,43.29,100,300,100,1000,400,600,43.24
468,439,BRALPAACNPR7BR00,ALPA4,1620837393601650,43.24,43.23,43.22,43.25,43.28,43.29,100,300,100,1000,400,600,43.24
469,439,BRALPAACNPR7BR00,ALPA4,1620837393602592,43.23,43.22,43.21,43.25,43.28,43.29,300,100,100,1000,400,600,43.24
470,439,BRALPAACNPR7BR00,ALPA4,1620837393602627,43.23,43.22,43.21,43.25,43.27,43.28,300,100,100,1000,200,400,43.24
471,439,BRALPAACNPR7BR00,ALPA4,1620837393695122,43.24,43.23,43.22,43.28,43.29,43.3,100,600,100,300,500,1400,43.25
472,439,BRALPAACNPR7BR00,ALPA4,1620837393695151,43.24,43.23,43.22,43.28,43.29,43.3,100,600,100,300,500,1400,43.25
473,439,BRALPAACNPR7BR00,ALPA4,1620837393696168,43.25,43.24,43.23,43.28,43.29,43.3,100,400,800,500,500,1400,43.25
474,439,BRALPAACNPR7BR00,ALPA4,1620837393696204,43.25,43.24,43.23,43.28,43.29,43.3,100,400,800,500,500,1400,43.25
475,439,BRALPAACNPR7BR00,ALPA4,1620837393696269,43.24,43.23,43.22,43.28,43.29,43.3,600,800,400,500,500,1400,43.25
476,439,BRALPAACNPR7BR00,ALPA4,1620837393696317,43.24,43.23,43.22,43.28,43.29,43.3,600,800,400,500,500,1400,43.25
477,439,BRALPAACNPR7BR00,ALPA4,1620837393697880,43.25,43.24,43.23,43.28,43.29,43.3,100,600,800,500,500,400,43.25
478,439,BRALPAACNPR7BR00,ALPA4,1620837393697903,43.25,43.24,43.23,43.28,43.29,43.3,100,600,800,500,500,400,43.25
479,439,BRALPAACNPR7BR00,ALPA4,1620837393701856,43.24,43.23,43.22,43.28,43.29,43.3,600,800,400,500,500,500,43.25
480,439,BRALPAACNPR7BR00,ALPA4,1620837393701878,43.24,43.23,43.22,43.28,43.29,43.3,600,800,400,500,500,500,43.25
481,439,BRALPAACNPR7BR00,ALPA4,1620837393703058,43.25,43.24,43.23,43.28,43.29,43.3,100,600,800,500,500,500,43.25
482,439,BRALPAACNPR7BR00,ALPA4,1620837393703076,43.25,43.24,43.23,43.28,43.29,43.3,100,600,800,500,500,500,43.25
483,439,BRALPAACNPR7BR00,ALPA4,1620837393704499,43.24,43.23,43.22,43.28,43.29,43.3,300,800,400,500,500,500,43.25
484,439,BRALPAACNPR7BR00,ALPA4,1620837393704516,43.24,43.23,43.22,43.28,43.29,43.3,300,800,400,500,500,500,43.25
485,439,BRALPAACNPR7BR00,ALPA4,1620837393706361,43.25,43.24,43.23,43.28,43.29,43.3,100,300,800,500,700,500,43.25
486,439,BRALPAACNPR7BR00,ALPA4,1620837393706379,43.25,43.24,43.23,43.28,43.29,43.3,100,300,800,500,700,500,43.25
487,439,BRALPAACNPR7BR00,ALPA4,1620837393707028,43.24,43.23,43.22,43.28,43.29,43.3,300,800,400,500,700,500,43.25
488,439,BRALPAACNPR7BR00,ALPA4,1620837393707046,43.24,43.23,43.22,43.28,43.29,43.3,300,800,400,500,700,500,43.25
489,439,BRALPAACNPR7BR00,ALPA4,1620837393711169,43.25,43.24,43.23,43.28,43.29,43.3,100,300,800,500,700,500,43.25
490,439,BRALPAACNPR7BR00,ALPA4,1620837393711185,43.25,43.24,43.23,43.28,43.29,43.3,100,300,800,500,700,500,43.25
491,439,BRALPAACNPR7BR00,ALPA4,1620837393742794,43.24,43.23,43.22,43.28,43.29,43.3,300,800,400,500,700,500,43.25
492,439,BRALPAACNPR7BR00,ALPA4,1620837393742819,43.24,43.23,43.22,43.28,43.29,43.3,300,800,400,500,700,500,43.25
493,439,BRALPAACNPR7BR00,ALPA4,1620837393743820,43.25,43.24,43.23,43.28,43.29,43.3,100,300,800,500,700,500,43.25
494,439,BRALPAACNPR7BR00,ALPA4,1620837393743839,43.25,43.24,43.23,43.28,43.29,43.3,100,300,800,500,700,500,43.25
495,439,BRALPAACNPR7BR00,ALPA4,1620837393829632,43.24,43.23,43.22,43.28,43.29,43.3,100,800,400,500,700,500,43.25
496,439,BRALPAACNPR7BR00,ALPA4,1620837393829656,43.24,43.23,43.22,43.28,43.29,43.3,100,800,400,500,700,500,43.25
497,439,BRALPAACNPR7BR00,ALPA4,1620837396567566,43.25,43.24,43.23,43.27,43.28,43.29,100,300,500,600,300,700,43.25
498,439,BRALPAACNPR7BR00,ALPA4,1620837396567594,43.25,43.24,43.23,43.27,43.28,43.29,100,300,500,600,300,700,43.25
499,439,BRALPAACNPR7BR00,ALPA4,1620837443892343,43.23,43.22,43.21,43.26,43.27,43.28,400,400,500,2300,400,300,43.25
500,439,BRALPAACNPR7BR00,ALPA4,1620837443893684,43.23,43.22,43.21,43.25,43.26,43.27,100,100,500,300,2300,400,43.25
501,439,BRALPAACNPR7BR00,ALPA4,1620837443894241,43.23,43.22,43.21,43.25,43.26,43.27,100,100,300,300,2300,400,43.25
502,439,BRALPAACNPR7BR00,ALPA4,1620837443895493,43.23,43.22,43.21,43.25,43.26,43.27,100,200,100,500,2500,400,43.25
503,439,BRALPAACNPR7BR00,ALPA4,1620837443900339,43.23,43.22,43.21,43.24,43.25,43.26,100,200,100,100,500,2400,43.25
504,439,BRALPAACNPR7BR00,ALPA4,1620837443901679,43.23,43.22,43.21,43.25,43.26,43.27,200,100,100,500,2400,400,43.24
505,439,BRALPAACNPR7BR00,ALPA4,1620837443902189,43.24,43.23,43.22,43.25,43.26,43.27,100,200,100,200,2400,400,43.24
506,439,BRALPAACNPR7BR00,ALPA4,1620837443903387,43.24,43.23,43.22,43.26,43.27,43.28,200,100,100,2200,400,300,43.25
507,439,BRALPAACNPR7BR00,ALPA4,1620837443919862,43.23,43.22,43.21,43.26,43.27,43.28,100,100,100,2000,400,500,43.24
508,439,BRALPAACNPR7BR00,ALPA4,1620837443920082,43.23,43.22,43.21,43.26,43.27,43.28,100,100,100,2000,400,500,43.24
509,439,BRALPAACNPR7BR00,ALPA4,1620837443921393,43.24,43.23,43.22,43.26,43.27,43.28,100,100,100,2000,400,500,43.24
510,439,BRALPAACNPR7BR00,ALPA4,1620837443922576,43.24,43.23,43.22,43.26,43.27,43.28,200,100,100,2000,400,500,43.24
511,439,BRALPAACNPR7BR00,ALPA4,1620837444270247,43.25,43.24,43.23,43.27,43.28,43.29,100,200,100,400,300,1000,43.26
512,439,BRALPAACNPR7BR00,ALPA4,1620837444271652,43.26,43.25,43.24,43.27,43.28,43.29,100,200,100,400,400,1000,43.26
513,439,BRALPAACNPR7BR00,ALPA4,1620837444272096,43.26,43.25,43.24,43.28,43.29,43.3,100,200,100,400,1000,1000,43.27
514,439,BRALPAACNPR7BR00,ALPA4,1620837444273250,43.27,43.26,43.25,43.28,43.29,43.3,100,100,100,200,1000,800,43.27
515,439,BRALPAACNPR7BR00,ALPA4,1620837444273346,43.26,43.25,43.24,43.28,43.29,43.3,100,100,100,200,1000,800,43.27
516,439,BRALPAACNPR7BR00,ALPA4,1620837444273370,43.26,43.25,43.24,43.28,43.29,43.3,100,100,100,200,1000,800,43.27
517,439,BRALPAACNPR7BR00,ALPA4,1620837444323519,43.26,43.25,43.24,43.28,43.29,43.3,100,100,100,400,700,800,43.26
518,439,BRALPAACNPR7BR00,ALPA4,1620837444379491,43.26,43.25,43.24,43.27,43.28,43.29,100,100,100,100,400,700,43.26
519,439,BRALPAACNPR7BR00,ALPA4,1620837444379518,43.26,43.25,43.24,43.27,43.28,43.29,100,100,100,100,400,700,43.26
520,439,BRALPAACNPR7BR00,ALPA4,1620837444380286,43.26,43.25,43.24,43.27,43.28,43.29,100,100,100,100,400,900,43.26
521,439,BRALPAACNPR7BR00,ALPA4,1620837444381450,43.26,43.25,43.24,43.27,43.28,43.29,200,100,100,100,400,900,43.26
522,439,BRALPAACNPR7BR00,ALPA4,1620837451732078,43.26,43.25,43.24,43.27,43.28,43.29,500,200,200,1000,200,900,43.26
523,439,BRALPAACNPR7BR00,ALPA4,1620837453503391,43.26,43.25,43.24,43.27,43.28,43.29,400,200,200,900,200,900,43.26
524,439,BRALPAACNPR7BR00,ALPA4,1620837453504625,43.26,43.25,43.24,43.27,43.28,43.29,500,200,200,900,200,900,43.26
525,439,BRALPAACNPR7BR00,ALPA4,1620837453751140,43.25,43.24,43.23,43.27,43.28,43.29,200,100,300,900,200,900,43.26
526,439,BRALPAACNPR7BR00,ALPA4,1620837453751256,43.25,43.24,43.23,43.27,43.28,43.29,200,100,300,900,200,900,43.26
527,439,BRALPAACNPR7BR00,ALPA4,1620837453751782,43.25,43.24,43.23,43.27,43.28,43.29,200,100,100,900,200,900,43.26
528,439,BRALPAACNPR7BR00,ALPA4,1620837453752910,43.26,43.25,43.24,43.27,43.28,43.29,100,300,100,900,300,900,43.26
529,439,BRALPAACNPR7BR00,ALPA4,1620837453752922,43.26,43.25,43.24,43.27,43.28,43.29,100,300,100,900,300,900,43.26
530,439,BRALPAACNPR7BR00,ALPA4,1620837453753978,43.26,43.25,43.24,43.27,43.28,43.29,200,200,100,900,300,900,43.26
531,439,BRALPAACNPR7BR00,ALPA4,1620837455255511,43.25,43.24,43.23,43.26,43.27,43.28,200,100,100,800,1000,300,43.26
532,439,BRALPAACNPR7BR00,ALPA4,1620837455255752,43.25,43.24,43.23,43.26,43.27,43.28,200,100,100,800,1000,300,43.26
533,543,BRALSOACNOR5BR00,ALSO3,1620837328430472,27.01,27.0,26.99,27.03,27.04,27.05,200,3800,1400,700,800,1000,27.02
534,543,BRALSOACNOR5BR00,ALSO3,1620837328430491,27.01,27.0,26.99,27.03,27.04,27.05,200,3800,1400,700,800,1000,27.02
535,543,BRALSOACNOR5BR00,ALSO3,1620837329275830,27.01,27.0,26.99,27.03,27.04,27.05,200,3800,1400,800,800,1000,27.02
536,543,BRALSOACNOR5BR00,ALSO3,1620837329275851,27.01,27.0,26.99,27.03,27.04,27.05,200,3800,1400,800,800,1000,27.02
537,543,BRALSOACNOR5BR00,ALSO3,1620837329295753,27.01,27.0,26.99,27.03,27.04,27.05,200,3800,1400,700,800,1000,27.02
538,543,BRALSOACNOR5BR00,ALSO3,1620837329295785,27.01,27.0,26.99,27.03,27.04,27.05,200,3800,1400,700,800,1000,27.02
539,543,BRALSOACNOR5BR00,ALSO3,1620837329638272,27.01,27.0,26.99,27.03,27.04,27.05,200,3800,1400,800,800,1000,27.02
540,543,BRALSOACNOR5BR00,ALSO3,1620837329638292,27.01,27.0,26.99,27.03,27.04,27.05,200,3800,1400,800,800,1000,27.02
541,543,BRALSOACNOR5BR00,ALSO3,1620837329755304,27.01,27.0,26.99,27.03,27.04,27.05,200,3800,1400,700,800,1000,27.02
542,543,BRALSOACNOR5BR00,ALSO3,1620837329755324,27.01,27.0,26.99,27.03,27.04,27.05,200,3800,1400,700,800,1000,27.02
543,543,BRALSOACNOR5BR00,ALSO3,1620837329885269,27.01,27.0,26.99,27.03,27.04,27.05,200,3800,1400,800,800,1000,27.02
544,543,BRALSOACNOR5BR00,ALSO3,1620837329885285,27.01,27.0,26.99,27.03,27.04,27.05,200,3800,1400,800,800,1000,27.02
545,543,BRALSOACNOR5BR00,ALSO3,1620837330132752,27.01,27.0,26.99,27.03,27.04,27.05,200,3800,1400,700,800,1000,27.02
546,543,BRALSOACNOR5BR00,ALSO3,1620837330132778,27.01,27.0,26.99,27.03,27.04,27.05,200,3800,1400,700,800,1000,27.02
547,543,BRALSOACNOR5BR00,ALSO3,1620837330133461,27.01,27.0,26.99,27.03,27.04,27.05,200,3600,1400,700,800,1000,27.02
548,543,BRALSOACNOR5BR00,ALSO3,1620837330133481,27.01,27.0,26.99,27.03,27.04,27.05,200,3600,1400,700,800,1000,27.02
549,543,BRALSOACNOR5BR00,ALSO3,1620837330133667,27.01,27.0,26.99,27.03,27.04,27.05,200,3600,1400,700,800,1000,27.02
550,543,BRALSOACNOR5BR00,ALSO3,1620837330133686,27.01,27.0,26.99,27.03,27.04,27.05,200,3600,1400,700,800,1000,27.02
551,543,BRALSOACNOR5BR00,ALSO3,1620837330440752,27.01,27.0,26.99,27.03,27.04,27.05,200,3600,1400,700,1000,1000,27.02
552,543,BRALSOACNOR5BR00,ALSO3,1620837330440779,27.01,27.0,26.99,27.03,27.04,27.05,200,3600,1400,700,1000,1000,27.02
553,543,BRALSOACNOR5BR00,ALSO3,1620837330472103,27.01,27.0,26.99,27.03,27.04,27.05,200,3600,1400,800,1000,1000,27.02
554,543,BRALSOACNOR5BR00,ALSO3,1620837330472122,27.01,27.0,26.99,27.03,27.04,27.05,200,3600,1400,800,1000,1000,27.02
555,543,BRALSOACNOR5BR00,ALSO3,1620837330494574,27.01,27.0,26.99,27.03,27.04,27.05,100,3600,1400,800,1000,1000,27.02
556,543,BRALSOACNOR5BR00,ALSO3,1620837330494603,27.01,27.0,26.99,27.03,27.04,27.05,100,3600,1400,800,1000,1000,27.02
557,543,BRALSOACNOR5BR00,ALSO3,1620837330505217,27.01,27.0,26.99,27.03,27.04,27.05,100,3600,1400,700,1000,1000,27.02
558,543,BRALSOACNOR5BR00,ALSO3,1620837330505234,27.01,27.0,26.99,27.03,27.04,27.05,100,3600,1400,700,1000,1000,27.02
559,543,BRALSOACNOR5BR00,ALSO3,1620837330521025,27.01,27.0,26.99,27.02,27.03,27.04,100,3600,1400,200,700,1000,27.02
560,543,BRALSOACNOR5BR00,ALSO3,1620837330521067,27.01,27.0,26.99,27.02,27.03,27.04,100,3600,1400,200,700,1000,27.02
561,543,BRALSOACNOR5BR00,ALSO3,1620837330521749,27.0,26.99,26.98,27.02,27.03,27.04,3600,1400,2000,200,700,1000,27.02
562,543,BRALSOACNOR5BR00,ALSO3,1620837330521772,27.0,26.99,26.98,27.02,27.03,27.04,3600,1400,2000,200,700,1000,27.02
563,543,BRALSOACNOR5BR00,ALSO3,1620837330521979,27.0,26.99,26.98,27.02,27.03,27.04,3600,1400,2000,200,1100,1000,27.02
564,543,BRALSOACNOR5BR00,ALSO3,1620837330521999,27.0,26.99,26.98,27.02,27.03,27.04,3600,1400,2000,200,1100,1000,27.02
565,543,BRALSOACNOR5BR00,ALSO3,1620837330522402,27.0,26.99,26.98,27.02,27.03,27.04,3600,1400,1800,200,1100,1000,27.02
566,543,BRALSOACNOR5BR00,ALSO3,1620837330522421,27.0,26.99,26.98,27.02,27.03,27.04,3600,1400,1800,200,1100,1000,27.02
567,543,BRALSOACNOR5BR00,ALSO3,1620837330522626,27.0,26.99,26.98,27.02,27.03,27.04,3600,1400,1800,200,1100,1200,27.02
568,543,BRALSOACNOR5BR00,ALSO3,1620837330522651,27.0,26.99,26.98,27.02,27.03,27.04,3600,1400,1800,200,1100,1200,27.02
569,543,BRALSOACNOR5BR00,ALSO3,1620837330523399,27.0,26.99,26.98,27.02,27.03,27.04,3600,1000,1800,200,1100,1200,27.02
570,543,BRALSOACNOR5BR00,ALSO3,1620837330523422,27.0,26.99,26.98,27.02,27.03,27.04,3600,1000,1800,200,1100,1200,27.02
571,543,BRALSOACNOR5BR00,ALSO3,1620837330523705,27.0,26.99,26.98,27.02,27.03,27.04,3600,1000,2200,200,1100,1200,27.02
572,543,BRALSOACNOR5BR00,ALSO3,1620837330523733,27.0,26.99,26.98,27.02,27.03,27.04,3600,1000,2200,200,1100,1200,27.02
573,543,BRALSOACNOR5BR00,ALSO3,1620837330524233,27.0,26.99,26.98,27.02,27.03,27.04,3600,1000,2200,300,1100,1200,27.02
574,543,BRALSOACNOR5BR00,ALSO3,1620837330524251,27.0,26.99,26.98,27.02,27.03,27.04,3600,1000,2200,300,1100,1200,27.02
575,543,BRALSOACNOR5BR00,ALSO3,1620837330525763,27.0,26.99,26.98,27.02,27.03,27.04,3600,1000,2200,300,1100,1000,27.02
576,543,BRALSOACNOR5BR00,ALSO3,1620837330525781,27.0,26.99,26.98,27.02,27.03,27.04,3600,1000,2200,300,1100,1000,27.02
577,543,BRALSOACNOR5BR00,ALSO3,1620837330540850,27.0,26.99,26.98,27.02,27.03,27.04,3600,1000,2200,300,700,1000,27.02
578,543,BRALSOACNOR5BR00,ALSO3,1620837330540872,27.0,26.99,26.98,27.02,27.03,27.04,3600,1000,2200,300,700,1000,27.02
579,543,BRALSOACNOR5BR00,ALSO3,1620837330541470,27.0,26.99,26.98,27.02,27.03,27.04,3600,1000,2200,200,700,1000,27.02
580,543,BRALSOACNOR5BR00,ALSO3,1620837330541488,27.0,26.99,26.98,27.02,27.03,27.04,3600,1000,2200,200,700,1000,27.02
581,543,BRALSOACNOR5BR00,ALSO3,1620837331140734,27.0,26.99,26.98,27.02,27.03,27.04,3600,1000,2200,200,1100,1000,27.02
582,543,BRALSOACNOR5BR00,ALSO3,1620837331140744,27.0,26.99,26.98,27.02,27.03,27.04,3600,1000,2200,200,1100,1000,27.02
583,543,BRALSOACNOR5BR00,ALSO3,1620837331141779,27.0,26.99,26.98,27.02,27.03,27.04,3600,1000,2200,300,1100,1000,27.02
584,543,BRALSOACNOR5BR00,ALSO3,1620837331141798,27.0,26.99,26.98,27.02,27.03,27.04,3600,1000,2200,300,1100,1000,27.02
585,543,BRALSOACNOR5BR00,ALSO3,1620837331142791,27.0,26.99,26.98,27.02,27.03,27.04,3600,1000,2200,400,1100,1000,27.02
586,543,BRALSOACNOR5BR00,ALSO3,1620837331142812,27.0,26.99,26.98,27.02,27.03,27.04,3600,1000,2200,400,1100,1000,27.02
587,543,BRALSOACNOR5BR00,ALSO3,1620837333889085,27.0,26.99,26.98,27.02,27.03,27.04,3600,1000,2200,500,1100,1000,27.02
588,543,BRALSOACNOR5BR00,ALSO3,1620837333889156,27.0,26.99,26.98,27.02,27.03,27.04,3600,1000,2200,500,1100,1000,27.02
589,543,BRALSOACNOR5BR00,ALSO3,1620837333890082,27.0,26.99,26.98,27.02,27.03,27.04,3600,1000,2200,500,1100,1000,27.02
590,543,BRALSOACNOR5BR00,ALSO3,1620837333890114,27.0,26.99,26.98,27.02,27.03,27.04,3600,1000,2200,500,1100,1000,27.02
591,543,BRALSOACNOR5BR00,ALSO3,1620837333906429,27.0,26.99,26.98,27.02,27.03,27.04,3200,1000,2200,500,1100,1000,27.02
592,543,BRALSOACNOR5BR00,ALSO3,1620837333906459,27.0,26.99,26.98,27.02,27.03,27.04,3200,1000,2200,500,1100,1000,27.02
593,543,BRALSOACNOR5BR00,ALSO3,1620837334010436,27.0,26.99,26.98,27.02,27.03,27.04,3100,1000,2200,500,1100,1000,27.02
594,543,BRALSOACNOR5BR00,ALSO3,1620837334010476,27.0,26.99,26.98,27.02,27.03,27.04,3100,1000,2200,500,1100,1000,27.02
595,543,BRALSOACNOR5BR00,ALSO3,1620837334025954,27.0,26.99,26.98,27.02,27.03,27.04,3100,1000,2200,400,1100,1000,27.02
596,543,BRALSOACNOR5BR00,ALSO3,1620837334025974,27.0,26.99,26.98,27.02,27.03,27.04,3100,1000,2200,400,1100,1000,27.02
597,543,BRALSOACNOR5BR00,ALSO3,1620837334026158,27.0,26.99,26.98,27.02,27.03,27.04,3200,1000,2200,400,1100,1000,27.02
598,543,BRALSOACNOR5BR00,ALSO3,1620837334026184,27.0,26.99,26.98,27.02,27.03,27.04,3200,1000,2200,400,1100,1000,27.02
599,543,BRALSOACNOR5BR00,ALSO3,1620837334026604,27.0,26.99,26.98,27.02,27.03,27.04,3200,1000,2200,400,1100,1000,27.02
600,543,BRALSOACNOR5BR00,ALSO3,1620837334026643,27.0,26.99,26.98,27.02,27.03,27.04,3200,1000,2200,400,1100,1000,27.02
601,543,BRALSOACNOR5BR00,ALSO3,1620837334026862,27.0,26.99,26.98,27.02,27.03,27.04,3200,1000,2200,400,1100,1100,27.02
602,543,BRALSOACNOR5BR00,ALSO3,1620837334026888,27.0,26.99,26.98,27.02,27.03,27.04,3200,1000,2200,400,1100,1100,27.02
603,543,BRALSOACNOR5BR00,ALSO3,1620837334100762,27.0,26.99,26.98,27.02,27.03,27.04,3100,1000,2200,400,1100,1100,27.02
604,543,BRALSOACNOR5BR00,ALSO3,1620837334100785,27.0,26.99,26.98,27.02,27.03,27.04,3100,1000,2200,400,1100,1100,27.02
605,543,BRALSOACNOR5BR00,ALSO3,1620837334200962,27.0,26.99,26.98,27.02,27.03,27.04,3200,1000,2200,400,1100,1100,27.02
606,543,BRALSOACNOR5BR00,ALSO3,1620837334200981,27.0,26.99,26.98,27.02,27.03,27.04,3200,1000,2200,400,1100,1100,27.02
607,543,BRALSOACNOR5BR00,ALSO3,1620837336679338,27.0,26.99,26.98,27.02,27.03,27.04,3200,1000,2200,300,1100,1100,27.02
608,543,BRALSOACNOR5BR00,ALSO3,1620837336683741,27.0,26.99,26.98,27.02,27.03,27.04,3300,1000,2200,200,700,1100,27.02
609,543,BRALSOACNOR5BR00,ALSO3,1620837354827706,27.01,27.0,26.99,27.03,27.04,27.05,100,2900,1000,200,900,800,27.01
610,543,BRALSOACNOR5BR00,ALSO3,1620837354828920,27.01,27.0,26.99,27.03,27.04,27.05,300,3100,1000,200,800,800,27.01
611,543,BRALSOACNOR5BR00,ALSO3,1620837388347823,27.02,27.01,27.0,27.04,27.05,27.06,100,1400,5600,800,700,900,27.04
612,543,BRALSOACNOR5BR00,ALSO3,1620837388349252,27.02,27.01,27.0,27.04,27.05,27.06,500,1600,5600,800,700,900,27.04
613,543,BRALSOACNOR5BR00,ALSO3,1620837392801926,27.01,27.0,26.99,27.04,27.05,27.06,1000,5500,1500,1100,900,600,27.02
614,543,BRALSOACNOR5BR00,ALSO3,1620837392801943,27.01,27.0,26.99,27.04,27.05,27.06,1000,5500,1500,1100,900,600,27.02
615,543,BRALSOACNOR5BR00,ALSO3,1620837392894263,27.01,27.0,26.99,27.04,27.05,27.06,300,5500,1500,1900,900,700,27.02
616,543,BRALSOACNOR5BR00,ALSO3,1620837392963948,27.01,27.0,26.99,27.04,27.05,27.06,300,5200,1500,1900,900,700,27.02
617,543,BRALSOACNOR5BR00,ALSO3,1620837392963996,27.01,27.0,26.99,27.04,27.05,27.06,300,5200,1500,1900,900,700,27.02
618,543,BRALSOACNOR5BR00,ALSO3,1620837392999454,27.01,27.0,26.99,27.04,27.05,27.06,300,5100,1500,1900,900,700,27.02
619,543,BRALSOACNOR5BR00,ALSO3,1620837392999480,27.01,27.0,26.99,27.04,27.05,27.06,300,5100,1500,1900,900,700,27.02
620,543,BRALSOACNOR5BR00,ALSO3,1620837393050028,27.01,27.0,26.99,27.04,27.05,27.06,300,5100,1500,2900,900,700,27.02
621,543,BRALSOACNOR5BR00,ALSO3,1620837393050050,27.01,27.0,26.99,27.04,27.05,27.06,300,5100,1500,2900,900,700,27.02
622,543,BRALSOACNOR5BR00,ALSO3,1620837393051042,27.01,27.0,26.99,27.04,27.05,27.06,300,5100,1500,2900,900,700,27.02
623,543,BRALSOACNOR5BR00,ALSO3,1620837393052680,27.01,27.0,26.99,27.03,27.04,27.05,400,5100,1500,200,2700,900,27.02
624,543,BRALSOACNOR5BR00,ALSO3,1620837393732265,27.0,26.99,26.98,27.03,27.04,27.05,5100,1500,1200,1300,3000,900,27.01
625,543,BRALSOACNOR5BR00,ALSO3,1620837393732281,27.0,26.99,26.98,27.03,27.04,27.05,5100,1500,1200,1300,3000,900,27.01
626,543,BRALSOACNOR5BR00,ALSO3,1620837393732473,27.0,26.99,26.98,27.03,27.04,27.05,5100,1500,1200,1300,3000,900,27.01
627,543,BRALSOACNOR5BR00,ALSO3,1620837393733214,27.0,26.99,26.98,27.03,27.04,27.05,5100,1500,1200,1500,3000,700,27.01
628,543,BRALSOACNOR5BR00,ALSO3,1620837393733244,27.0,26.99,26.98,27.03,27.04,27.05,5100,1500,1200,1500,3000,700,27.01
629,543,BRALSOACNOR5BR00,ALSO3,1620837393733611,27.0,26.99,26.98,27.03,27.04,27.05,5100,1100,1200,1500,3000,700,27.01
630,543,BRALSOACNOR5BR00,ALSO3,1620837393733649,27.0,26.99,26.98,27.03,27.04,27.05,5100,1100,1200,1500,3000,700,27.01
631,543,BRALSOACNOR5BR00,ALSO3,1620837393733663,27.0,26.99,26.98,27.03,27.04,27.05,5100,1100,1600,1500,3000,700,27.01
632,543,BRALSOACNOR5BR00,ALSO3,1620837393733687,27.0,26.99,26.98,27.03,27.04,27.05,5100,1100,1600,1500,3000,700,27.01
633,543,BRALSOACNOR5BR00,ALSO3,1620837393740288,27.0,26.99,26.98,27.02,27.03,27.04,5100,1100,1600,700,1500,3000,27.01
634,543,BRALSOACNOR5BR00,ALSO3,1620837393740315,27.0,26.99,26.98,27.02,27.03,27.04,5100,1100,1600,700,1500,3000,27.01
635,543,BRALSOACNOR5BR00,ALSO3,1620837393741274,27.0,26.99,26.98,27.02,27.03,27.04,5100,1100,1600,800,1500,3000,27.01
636,543,BRALSOACNOR5BR00,ALSO3,1620837393741307,27.0,26.99,26.98,27.02,27.03,27.04,5100,1100,1600,900,1500,3000,27.01
637,543,BRALSOACNOR5BR00,ALSO3,1620837393741394,27.0,26.99,26.98,27.02,27.03,27.04,5100,1100,1600,900,1800,3000,27.01
638,543,BRALSOACNOR5BR00,ALSO3,1620837393741414,27.0,26.99,26.98,27.02,27.03,27.04,5100,1100,1600,900,1800,3000,27.01
639,543,BRALSOACNOR5BR00,ALSO3,1620837393741943,27.0,26.99,26.98,27.02,27.03,27.04,4600,1100,1600,900,1800,3000,27.01
640,543,BRALSOACNOR5BR00,ALSO3,1620837393741976,27.0,26.99,26.98,27.02,27.03,27.04,4600,1100,1600,900,1800,3000,27.01
641,543,BRALSOACNOR5BR00,ALSO3,1620837393882981,27.0,26.99,26.98,27.02,27.03,27.04,4600,1100,1600,900,1700,3000,27.01
642,543,BRALSOACNOR5BR00,ALSO3,1620837393883007,27.0,26.99,26.98,27.02,27.03,27.04,4600,1100,1600,900,1700,3000,27.01
643,543,BRALSOACNOR5BR00,ALSO3,1620837393883766,27.0,26.99,26.98,27.02,27.03,27.04,4600,1100,1600,800,1700,3000,27.01
644,543,BRALSOACNOR5BR00,ALSO3,1620837393883795,27.0,26.99,26.98,27.02,27.03,27.04,4600,1100,1600,800,1700,3000,27.01
645,543,BRALSOACNOR5BR00,ALSO3,1620837393915875,27.0,26.99,26.98,27.02,27.03,27.04,4600,1100,1600,800,1800,2000,27.01
646,543,BRALSOACNOR5BR00,ALSO3,1620837393915907,27.0,26.99,26.98,27.02,27.03,27.04,4600,1100,1600,800,1800,2000,27.01
647,543,BRALSOACNOR5BR00,ALSO3,1620837394166578,27.0,26.99,26.98,27.02,27.03,27.04,4600,1100,1600,800,1800,2000,27.01
648,543,BRALSOACNOR5BR00,ALSO3,1620837394166613,27.0,26.99,26.98,27.02,27.03,27.04,4600,1100,1600,800,1800,2000,27.01
649,543,BRALSOACNOR5BR00,ALSO3,1620837394166725,27.0,26.99,26.98,27.02,27.03,27.04,4600,1100,1600,800,1800,2000,27.01
650,543,BRALSOACNOR5BR00,ALSO3,1620837394166747,27.0,26.99,26.98,27.02,27.03,27.04,4600,1100,1600,800,1800,2000,27.01
651,543,BRALSOACNOR5BR00,ALSO3,1620837394171757,27.0,26.99,26.98,27.02,27.03,27.04,4600,1100,1600,800,1900,2000,27.01
652,543,BRALSOACNOR5BR00,ALSO3,1620837394171779,27.0,26.99,26.98,27.02,27.03,27.04,4600,1100,1600,800,1900,2000,27.01
653,543,BRALSOACNOR5BR00,ALSO3,1620837394423095,27.0,26.99,26.98,27.02,27.03,27.04,4600,1100,1600,800,1900,1300,27.01
654,543,BRALSOACNOR5BR00,ALSO3,1620837394423119,27.0,26.99,26.98,27.02,27.03,27.04,4600,1100,1600,800,1900,1300,27.01
655,543,BRALSOACNOR5BR00,ALSO3,1620837394435878,27.0,26.99,26.98,27.02,27.03,27.04,4600,1100,1600,800,1200,1300,27.01
656,543,BRALSOACNOR5BR00,ALSO3,1620837394435909,27.0,26.99,26.98,27.02,27.03,27.04,4600,1100,1600,800,1200,1300,27.01
657,543,BRALSOACNOR5BR00,ALSO3,1620837394575095,27.0,26.99,26.98,27.02,27.03,27.04,4600,1100,1600,800,1200,1300,27.01
658,543,BRALSOACNOR5BR00,ALSO3,1620837394575122,27.0,26.99,26.98,27.02,27.03,27.04,4600,1100,1600,800,1200,1300,27.01
659,543,BRALSOACNOR5BR00,ALSO3,1620837394744286,27.0,26.99,26.98,27.02,27.03,27.04,4600,1100,2100,800,1200,1300,27.01
660,543,BRALSOACNOR5BR00,ALSO3,1620837394744314,27.0,26.99,26.98,27.02,27.03,27.04,4600,1100,2100,800,1200,1300,27.01
661,543,BRALSOACNOR5BR00,ALSO3,1620837395220627,27.0,26.99,26.98,27.02,27.03,27.04,4600,1100,2100,800,1100,1300,27.01
662,543,BRALSOACNOR5BR00,ALSO3,1620837395220646,27.0,26.99,26.98,27.02,27.03,27.04,4600,1100,2100,800,1100,1300,27.01
663,543,BRALSOACNOR5BR00,ALSO3,1620837395319820,27.0,26.99,26.98,27.02,27.03,27.04,4600,1000,2100,800,1100,1300,27.01
664,543,BRALSOACNOR5BR00,ALSO3,1620837395319849,27.0,26.99,26.98,27.02,27.03,27.04,4600,1000,2100,800,1100,1300,27.01
665,543,BRALSOACNOR5BR00,ALSO3,1620837395387553,27.0,26.99,26.98,27.02,27.03,27.04,4600,1000,2100,800,1100,800,27.01
666,543,BRALSOACNOR5BR00,ALSO3,1620837395387585,27.0,26.99,26.98,27.02,27.03,27.04,4600,1000,2100,800,1100,800,27.01
667,543,BRALSOACNOR5BR00,ALSO3,1620837395438878,27.0,26.99,26.98,27.02,27.03,27.04,5100,1000,2100,800,1100,800,27.01
668,543,BRALSOACNOR5BR00,ALSO3,1620837395438908,27.0,26.99,26.98,27.02,27.03,27.04,5100,1000,2100,800,1100,800,27.01
669,543,BRALSOACNOR5BR00,ALSO3,1620837395439512,27.0,26.99,26.98,27.02,27.03,27.04,5100,1000,2100,800,900,800,27.01
670,543,BRALSOACNOR5BR00,ALSO3,1620837395439537,27.0,26.99,26.98,27.02,27.03,27.04,5100,1000,2100,800,900,800,27.01
671,543,BRALSOACNOR5BR00,ALSO3,1620837395440961,27.0,26.99,26.98,27.02,27.03,27.04,5100,1000,2100,100,900,800,27.01
672,543,BRALSOACNOR5BR00,ALSO3,1620837395440982,27.0,26.99,26.98,27.02,27.03,27.04,5100,1000,2100,100,900,800,27.01
673,543,BRALSOACNOR5BR00,ALSO3,1620837395441600,27.0,26.99,26.98,27.02,27.03,27.04,5100,1000,2100,100,800,800,27.01
674,543,BRALSOACNOR5BR00,ALSO3,1620837395441620,27.0,26.99,26.98,27.02,27.03,27.04,5100,1000,2100,100,800,800,27.01
675,543,BRALSOACNOR5BR00,ALSO3,1620837395441659,27.0,26.99,26.98,27.02,27.03,27.04,5100,1000,2100,100,800,700,27.01
676,543,BRALSOACNOR5BR00,ALSO3,1620837395441675,27.0,26.99,26.98,27.02,27.03,27.04,5100,1000,2100,100,800,700,27.01
677,543,BRALSOACNOR5BR00,ALSO3,1620837395441908,27.0,26.99,26.98,27.02,27.03,27.04,5100,1000,2100,100,800,900,27.01
678,543,BRALSOACNOR5BR00,ALSO3,1620837395441926,27.0,26.99,26.98,27.02,27.03,27.04,5100,1000,2100,100,800,900,27.01
679,543,BRALSOACNOR5BR00,ALSO3,1620837396404724,27.0,26.99,26.98,27.02,27.03,27.04,5200,1000,2100,100,800,900,27.01
680,543,BRALSOACNOR5BR00,ALSO3,1620837396405923,27.0,26.99,26.98,27.02,27.03,27.04,5300,1000,2100,100,800,900,27.01
681,543,BRALSOACNOR5BR00,ALSO3,1620837401993594,27.01,27.0,26.99,27.03,27.04,27.05,100,5000,1100,1300,900,800,27.0
682,543,BRALSOACNOR5BR00,ALSO3,1620837401993618,27.01,27.0,26.99,27.03,27.04,27.05,100,5000,1100,1300,900,800,27.0
683,543,BRALSOACNOR5BR00,ALSO3,1620837406934686,27.01,27.0,26.99,27.02,27.03,27.04,500,5200,1000,300,200,700,27.0
684,543,BRALSOACNOR5BR00,ALSO3,1620837406935045,26.99,26.98,26.97,27.02,27.03,27.04,1000,2100,1200,300,200,700,27.0
685,543,BRALSOACNOR5BR00,ALSO3,1620837406940112,27.0,26.99,26.98,27.02,27.03,27.04,2200,500,1600,500,600,900,27.0
686,543,BRALSOACNOR5BR00,ALSO3,1620837406940204,27.0,26.99,26.98,27.02,27.03,27.04,2100,500,1600,500,600,900,27.0
687,543,BRALSOACNOR5BR00,ALSO3,1620837406941366,27.0,26.99,26.98,27.02,27.03,27.04,2200,400,1600,500,600,900,27.0
688,543,BRALSOACNOR5BR00,ALSO3,1620837410808917,27.01,27.0,26.99,27.03,27.04,27.05,100,3100,900,400,1200,800,27.0
689,543,BRALSOACNOR5BR00,ALSO3,1620837410814070,27.01,27.0,26.99,27.03,27.04,27.05,600,3000,900,400,1000,800,27.0
690,543,BRALSOACNOR5BR00,ALSO3,1620837444360840,27.02,27.01,27.0,27.04,27.05,27.06,100,1300,4000,100,700,700,27.03
691,543,BRALSOACNOR5BR00,ALSO3,1620837444362121,27.02,27.01,27.0,27.04,27.05,27.06,500,1500,4300,100,600,700,27.03
692,543,BRALSOACNOR5BR00,ALSO3,1620837444362991,27.03,27.02,27.01,27.04,27.05,27.06,100,600,1500,100,600,900,27.03
693,543,BRALSOACNOR5BR00,ALSO3,1620837444363014,27.03,27.02,27.01,27.04,27.05,27.06,100,600,1500,100,600,900,27.03
694,543,BRALSOACNOR5BR00,ALSO3,1620837527446970,27.04,27.03,27.02,27.05,27.06,27.07,100,600,1900,500,100,800,27.05
695,543,BRALSOACNOR5BR00,ALSO3,1620837527448335,27.04,27.03,27.02,27.05,27.06,27.07,500,900,1800,500,100,700,27.05
696,543,BRALSOACNOR5BR00,ALSO3,1620837528675340,27.04,27.03,27.02,27.05,27.06,27.07,100,800,1700,500,500,700,27.04
697,543,BRALSOACNOR5BR00,ALSO3,1620837528676711,27.03,27.02,27.01,27.05,27.06,27.07,900,1700,1800,500,500,700,27.04
698,543,BRALSOACNOR5BR00,ALSO3,1620837549229892,27.04,27.03,27.02,27.05,27.06,27.07,700,1500,1700,200,100,800,27.05
699,543,BRALSOACNOR5BR00,ALSO3,1620837549231164,27.04,27.03,27.02,27.05,27.06,27.07,800,1400,1700,200,400,800,27.05
700,543,BRALSOACNOR5BR00,ALSO3,1620837549607993,27.07,27.04,27.03,27.08,27.09,27.1,600,800,1400,1200,1500,900,27.07
701,543,BRALSOACNOR5BR00,ALSO3,1620837549610638,27.07,27.05,27.04,27.08,27.09,27.1,100,400,700,800,600,700,27.07
702,543,BRALSOACNOR5BR00,ALSO3,1620837549610749,27.07,27.05,27.04,27.08,27.09,27.1,100,400,700,800,600,700,27.07
703,543,BRALSOACNOR5BR00,ALSO3,1620837549613514,27.05,27.04,27.03,27.08,27.09,27.1,200,800,2000,1000,600,700,27.07
704,543,BRALSOACNOR5BR00,ALSO3,1620837549614027,27.05,27.04,27.03,27.08,27.09,27.1,200,800,2000,1000,600,700,27.07
705,543,BRALSOACNOR5BR00,ALSO3,1620837549615222,27.05,27.04,27.03,27.08,27.09,27.1,300,800,1900,1000,600,700,27.07
706,543,BRALSOACNOR5BR00,ALSO3,1620837592437910,27.05,27.04,27.03,27.06,27.08,27.09,4200,1500,1700,100,600,600,27.05
707,543,BRALSOACNOR5BR00,ALSO3,1620837592438709,27.05,27.04,27.03,27.06,27.08,27.09,4200,1500,1700,100,1000,600,27.05
708,543,BRALSOACNOR5BR00,ALSO3,1620837592439860,27.05,27.04,27.03,27.06,27.08,27.09,4300,1500,1700,100,1000,600,27.05
709,543,BRALSOACNOR5BR00,ALSO3,1620837598675230,27.06,27.05,27.04,27.08,27.09,27.1,100,4300,1500,400,1000,800,27.06
710,543,BRALSOACNOR5BR00,ALSO3,1620837598677162,27.06,27.05,27.04,27.08,27.09,27.1,500,4500,1500,400,700,800,27.06
711,543,BRALSOACNOR5BR00,ALSO3,1620837600161899,27.07,27.06,27.05,27.08,27.09,27.1,100,400,4200,800,400,500,27.08
712,543,BRALSOACNOR5BR00,ALSO3,1620837600163400,27.07,27.06,27.05,27.08,27.09,27.1,300,600,4200,800,400,500,27.08
713,543,BRALSOACNOR5BR00,ALSO3,1620837612431291,27.08,27.07,27.06,27.09,27.1,27.11,100,600,700,200,200,700,27.08
714,543,BRALSOACNOR5BR00,ALSO3,1620837612433712,27.08,27.07,27.06,27.09,27.11,27.12,400,800,700,200,700,1800,27.08
715,543,BRALSOACNOR5BR00,ALSO3,1620837612583017,27.08,27.07,27.06,27.09,27.1,27.11,100,700,700,1200,200,400,27.08
716,543,BRALSOACNOR5BR00,ALSO3,1620837612584212,27.07,27.06,27.05,27.09,27.1,27.11,800,700,5100,1300,500,400,27.08
717,543,BRALSOACNOR5BR00,ALSO3,1620837612613280,27.08,27.07,27.06,27.09,27.1,27.11,100,800,700,1200,500,400,27.08
718,543,BRALSOACNOR5BR00,ALSO3,1620837612614496,27.08,27.07,27.06,27.09,27.1,27.11,200,700,700,1200,500,400,27.08
719,543,BRALSOACNOR5BR00,ALSO3,1620837612725511,27.08,27.07,27.06,27.09,27.1,27.11,100,700,700,1300,500,400,27.08
720,543,BRALSOACNOR5BR00,ALSO3,1620837612726711,27.07,27.06,27.05,27.09,27.1,27.11,800,700,5100,1300,500,400,27.08
721,543,BRALSOACNOR5BR00,ALSO3,1620837612727511,27.08,27.07,27.06,27.09,27.1,27.11,100,800,700,1300,500,400,27.08
722,543,BRALSOACNOR5BR00,ALSO3,1620837612728635,27.08,27.07,27.06,27.09,27.1,27.11,200,700,700,1300,500,400,27.08
723,543,BRALSOACNOR5BR00,ALSO3,1620837613012517,27.08,27.07,27.06,27.09,27.1,27.11,100,800,600,1300,500,400,27.08
724,543,BRALSOACNOR5BR00,ALSO3,1620837613014054,27.07,27.06,27.05,27.09,27.1,27.11,900,600,5100,1300,500,400,27.08
725,543,BRALSOACNOR5BR00,ALSO3,1620837613018564,27.08,27.07,27.06,27.09,27.1,27.11,100,900,600,1300,500,400,27.08
726,543,BRALSOACNOR5BR00,ALSO3,1620837613019686,27.08,27.07,27.06,27.09,27.1,27.11,200,800,600,1300,500,400,27.08
727,543,BRALSOACNOR5BR00,ALSO3,1620837613142648,27.08,27.07,27.06,27.09,27.1,27.11,100,800,600,1300,500,400,27.08
728,543,BRALSOACNOR5BR00,ALSO3,1620837613142675,27.08,27.07,27.06,27.09,27.1,27.11,100,800,600,1300,500,400,27.08
729,543,BRALSOACNOR5BR00,ALSO3,1620837614402425,27.07,27.06,27.05,27.09,27.1,27.11,300,200,5100,1400,500,400,27.08
730,543,BRALSOACNOR5BR00,ALSO3,1620837614402681,27.07,27.06,27.05,27.09,27.1,27.11,200,200,5100,1400,500,400,27.08
731,543,BRALSOACNOR5BR00,ALSO3,1620837614405084,27.07,27.06,27.05,27.09,27.1,27.11,400,200,5100,1400,700,400,27.08
732,543,BRALSOACNOR5BR00,ALSO3,1620837615389292,27.06,27.05,27.04,27.08,27.09,27.1,100,4200,1400,400,1600,700,27.07
733,543,BRALSOACNOR5BR00,ALSO3,1620837615389437,27.05,27.04,27.03,27.07,27.08,27.09,4200,1400,1800,100,400,1600,27.07
734,768,BRALUPCDAM15BR00,ALUP11,1620837328185940,26.44,26.43,26.42,26.46,26.47,26.48,1800,500,900,1000,400,600,26.45
735,768,BRALUPCDAM15BR00,ALUP11,1620837328187117,26.44,26.43,26.42,26.46,26.47,26.48,1900,500,900,1000,400,600,26.45
736,768,BRALUPCDAM15BR00,ALUP11,1620837338280578,26.45,26.44,26.43,26.46,26.47,26.48,1000,1800,400,1100,700,600,26.44
737,768,BRALUPCDAM15BR00,ALUP11,1620837338281767,26.45,26.44,26.43,26.46,26.47,26.48,1100,1800,400,1100,700,600,26.44
738,768,BRALUPCDAM15BR00,ALUP11,1620837360521391,26.46,26.45,26.44,26.47,26.48,26.49,100,1200,1800,400,500,900,26.46
739,768,BRALUPCDAM15BR00,ALUP11,1620837360522495,26.46,26.45,26.44,26.47,26.48,26.49,200,1100,2000,400,500,700,26.46
740,768,BRALUPCDAM15BR00,ALUP11,1620837360561273,26.46,26.45,26.44,26.47,26.48,26.49,100,1100,1900,200,500,600,26.46
741,768,BRALUPCDAM15BR00,ALUP11,1620837360561298,26.46,26.45,26.44,26.47,26.48,26.49,100,1100,1900,200,500,600,26.46
742,768,BRALUPCDAM15BR00,ALUP11,1620837360654337,26.46,26.45,26.44,26.47,26.48,26.49,100,1100,1900,400,500,600,26.46
743,768,BRALUPCDAM15BR00,ALUP11,1620837360654753,26.46,26.45,26.44,26.47,26.48,26.49,100,1100,1700,400,500,600,26.46
744,768,BRALUPCDAM15BR00,ALUP11,1620837360654784,26.46,26.45,26.44,26.47,26.48,26.49,100,1100,1700,400,500,600,26.46
745,768,BRALUPCDAM15BR00,ALUP11,1620837360655704,26.45,26.44,26.43,26.47,26.48,26.49,1100,1700,400,400,500,600,26.46
746,768,BRALUPCDAM15BR00,ALUP11,1620837360655731,26.45,26.44,26.43,26.47,26.48,26.49,1100,1700,400,400,500,600,26.46
747,768,BRALUPCDAM15BR00,ALUP11,1620837360656418,26.45,26.44,26.43,26.47,26.48,26.49,1000,1700,400,400,500,600,26.46
748,768,BRALUPCDAM15BR00,ALUP11,1620837360656438,26.45,26.44,26.43,26.47,26.48,26.49,1000,1700,400,400,500,600,26.46
749,768,BRALUPCDAM15BR00,ALUP11,1620837360656707,26.45,26.44,26.43,26.47,26.48,26.49,1000,1700,600,400,500,600,26.46
750,768,BRALUPCDAM15BR00,ALUP11,1620837360656731,26.45,26.44,26.43,26.47,26.48,26.49,1000,1700,600,400,500,600,26.46
751,768,BRALUPCDAM15BR00,ALUP11,1620837360656754,26.45,26.44,26.43,26.47,26.48,26.49,1000,1700,600,400,500,600,26.46
752,768,BRALUPCDAM15BR00,ALUP11,1620837360656784,26.45,26.44,26.43,26.47,26.48,26.49,1000,1700,700,400,500,600,26.46
753,768,BRALUPCDAM15BR00,ALUP11,1620837360844908,26.45,26.44,26.43,26.46,26.47,26.48,1000,1700,700,100,400,500,26.46
754,768,BRALUPCDAM15BR00,ALUP11,1620837360844936,26.45,26.44,26.43,26.46,26.47,26.48,1000,1700,700,100,400,500,26.46
755,768,BRALUPCDAM15BR00,ALUP11,1620837361024134,26.45,26.44,26.43,26.46,26.47,26.48,900,1700,700,100,400,500,26.45
756,768,BRALUPCDAM15BR00,ALUP11,1620837361025508,26.45,26.44,26.43,26.46,26.47,26.48,1000,1700,700,100,400,500,26.46
757,768,BRALUPCDAM15BR00,ALUP11,1620837361031030,26.46,26.45,26.44,26.47,26.48,26.49,100,1600,200,300,500,600,26.47
758,768,BRALUPCDAM15BR00,ALUP11,1620837361031052,26.46,26.45,26.44,26.47,26.48,26.49,100,1600,200,300,500,600,26.47
759,768,BRALUPCDAM15BR00,ALUP11,1620837394164739,26.44,26.43,26.42,26.46,26.47,26.48,400,500,1000,200,300,600,26.45
760,768,BRALUPCDAM15BR00,ALUP11,1620837394164770,26.44,26.43,26.42,26.46,26.47,26.48,400,500,1000,200,300,600,26.45
761,768,BRALUPCDAM15BR00,ALUP11,1620837394164774,26.44,26.43,26.42,26.46,26.47,26.48,400,500,1000,200,300,600,26.45
762,768,BRALUPCDAM15BR00,ALUP11,1620837394165701,26.44,26.43,26.42,26.46,26.47,26.48,400,500,1000,300,300,600,26.45
763,768,BRALUPCDAM15BR00,ALUP11,1620837394165721,26.44,26.43,26.42,26.46,26.47,26.48,400,500,1000,300,300,600,26.45
764,768,BRALUPCDAM15BR00,ALUP11,1620837394166122,26.44,26.43,26.42,26.46,26.47,26.48,400,500,1000,300,300,600,26.45
765,768,BRALUPCDAM15BR00,ALUP11,1620837394166157,26.44,26.43,26.42,26.46,26.47,26.48,400,500,1000,300,300,600,26.45
766,768,BRALUPCDAM15BR00,ALUP11,1620837394166173,26.44,26.43,26.42,26.46,26.47,26.48,400,500,1000,400,300,600,26.45
767,768,BRALUPCDAM15BR00,ALUP11,1620837394166226,26.44,26.43,26.42,26.46,26.47,26.48,200,500,1000,500,300,600,26.45
768,768,BRALUPCDAM15BR00,ALUP11,1620837394166507,26.44,26.43,26.42,26.46,26.47,26.48,200,400,1000,500,300,600,26.45
769,768,BRALUPCDAM15BR00,ALUP11,1620837394166564,26.44,26.43,26.42,26.46,26.47,26.48,200,400,1000,500,300,600,26.45
770,768,BRALUPCDAM15BR00,ALUP11,1620837394166841,26.44,26.43,26.42,26.46,26.47,26.48,200,400,800,500,300,600,26.45
771,768,BRALUPCDAM15BR00,ALUP11,1620837394166860,26.44,26.43,26.42,26.46,26.47,26.48,200,400,800,500,300,600,26.45
772,768,BRALUPCDAM15BR00,ALUP11,1620837394288617,26.44,26.43,26.42,26.45,26.46,26.47,200,400,800,100,500,300,26.45
773,768,BRALUPCDAM15BR00,ALUP11,1620837394288641,26.44,26.43,26.42,26.45,26.46,26.47,200,400,800,100,500,300,26.45
774,768,BRALUPCDAM15BR00,ALUP11,1620837394289332,26.44,26.43,26.42,26.45,26.46,26.47,100,400,800,100,500,300,26.45
775,768,BRALUPCDAM15BR00,ALUP11,1620837394289352,26.44,26.43,26.42,26.45,26.46,26.47,100,400,800,100,500,300,26.45
776,768,BRALUPCDAM15BR00,ALUP11,1620837394289464,26.44,26.43,26.42,26.45,26.46,26.47,100,400,800,100,500,300,26.45
777,768,BRALUPCDAM15BR00,ALUP11,1620837394289483,26.44,26.43,26.42,26.45,26.46,26.47,100,400,800,100,500,300,26.45
778,768,BRALUPCDAM15BR00,ALUP11,1620837394289528,26.44,26.43,26.42,26.45,26.46,26.47,100,400,800,100,500,300,26.45
779,768,BRALUPCDAM15BR00,ALUP11,1620837394289549,26.44,26.43,26.42,26.45,26.46,26.47,100,400,800,100,500,300,26.45
780,768,BRALUPCDAM15BR00,ALUP11,1620837394289931,26.44,26.43,26.42,26.45,26.46,26.47,100,400,800,100,500,300,26.45
781,768,BRALUPCDAM15BR00,ALUP11,1620837394289949,26.44,26.43,26.42,26.45,26.46,26.47,100,400,800,100,500,300,26.45
782,768,BRALUPCDAM15BR00,ALUP11,1620837394549789,26.44,26.43,26.42,26.45,26.46,26.47,100,400,800,300,300,300,26.45
783,768,BRALUPCDAM15BR00,ALUP11,1620837394549843,26.44,26.43,26.42,26.45,26.46,26.47,100,400,800,300,300,300,26.45
784,768,BRALUPCDAM15BR00,ALUP11,1620837394550416,26.44,26.43,26.42,26.45,26.46,26.47,100,400,700,300,300,300,26.45
785,768,BRALUPCDAM15BR00,ALUP11,1620837394550440,26.44,26.43,26.42,26.45,26.46,26.47,100,400,700,300,300,300,26.45
786,768,BRALUPCDAM15BR00,ALUP11,1620837394562827,26.44,26.43,26.42,26.45,26.46,26.47,100,400,700,200,300,300,26.45
787,768,BRALUPCDAM15BR00,ALUP11,1620837394563930,26.44,26.43,26.42,26.45,26.46,26.47,200,400,700,200,300,300,26.45
788,768,BRALUPCDAM15BR00,ALUP11,1620837404181163,26.44,26.43,26.42,26.46,26.47,26.48,700,500,800,200,700,400,26.44
789,768,BRALUPCDAM15BR00,ALUP11,1620837404181915,26.44,26.43,26.42,26.46,26.47,26.48,700,500,800,300,700,400,26.44
790,768,BRALUPCDAM15BR00,ALUP11,1620837404183073,26.44,26.43,26.42,26.46,26.47,26.48,800,400,800,400,700,400,26.44
791,768,BRALUPCDAM15BR00,ALUP11,1620837421515363,26.44,26.43,26.42,26.45,26.46,26.47,100,400,600,700,500,600,26.44
792,768,BRALUPCDAM15BR00,ALUP11,1620837421516560,26.43,26.42,26.41,26.45,26.46,26.47,500,600,800,800,500,600,26.44
793,768,BRALUPCDAM15BR00,ALUP11,1620837424946439,26.43,26.42,26.41,26.45,26.46,26.47,100,500,800,600,500,600,26.44
794,768,BRALUPCDAM15BR00,ALUP11,1620837424946489,26.43,26.42,26.41,26.45,26.46,26.47,100,500,800,600,500,600,26.44
795,768,BRALUPCDAM15BR00,ALUP11,1620837434366544,26.44,26.43,26.42,26.45,26.46,26.47,100,900,700,500,500,600,26.44
796,768,BRALUPCDAM15BR00,ALUP11,1620837434367760,26.44,26.43,26.42,26.45,26.46,26.47,200,800,700,500,500,600,26.44
797,768,BRALUPCDAM15BR00,ALUP11,1620837480092343,26.44,26.43,26.42,26.45,26.46,26.47,800,400,600,1200,400,400,26.44
798,768,BRALUPCDAM15BR00,ALUP11,1620837480092792,26.44,26.43,26.42,26.45,26.46,26.47,800,300,600,1200,400,400,26.44
799,768,BRALUPCDAM15BR00,ALUP11,1620837480094037,26.44,26.43,26.42,26.45,26.46,26.47,900,100,600,1300,400,400,26.44
800,768,BRALUPCDAM15BR00,ALUP11,1620837513527173,26.45,26.44,26.43,26.47,26.48,26.49,100,1100,400,400,800,2200,26.45
801,768,BRALUPCDAM15BR00,ALUP11,1620837513528494,26.45,26.44,26.43,26.47,26.48,26.49,400,1000,600,400,500,2200,26.45
802,768,BRALUPCDAM15BR00,ALUP11,1620837536495450,26.44,26.43,26.42,26.46,26.47,26.48,200,500,800,800,500,500,26.45
803,768,BRALUPCDAM15BR00,ALUP11,1620837536495531,26.44,26.43,26.42,26.46,26.47,26.48,200,500,800,800,500,500,26.45
804,819,BRANIMACNOR6BR00,ANIM3,1620837328529592,11.3,11.29,11.28,11.31,11.32,11.33,700,3100,2600,1300,3300,4400,11.31
805,819,BRANIMACNOR6BR00,ANIM3,1620837328529617,11.3,11.29,11.28,11.31,11.32,11.33,700,3100,2600,1300,3300,4400,11.31
806,819,BRANIMACNOR6BR00,ANIM3,1620837329032118,11.3,11.29,11.28,11.31,11.32,11.33,1600,2200,2600,1300,3300,4400,11.31
807,819,BRANIMACNOR6BR00,ANIM3,1620837329032139,11.3,11.29,11.28,11.31,11.32,11.33,1600,2200,2600,1300,3300,4400,11.31
808,819,BRANIMACNOR6BR00,ANIM3,1620837329534379,11.3,11.29,11.28,11.31,11.32,11.33,700,3100,2600,1300,3300,4400,11.31
809,819,BRANIMACNOR6BR00,ANIM3,1620837329534399,11.3,11.29,11.28,11.31,11.32,11.33,700,3100,2600,1300,3300,4400,11.31
810,819,BRANIMACNOR6BR00,ANIM3,1620837330035889,11.3,11.29,11.28,11.31,11.32,11.33,1600,2200,2600,1300,3300,4400,11.31
811,819,BRANIMACNOR6BR00,ANIM3,1620837330035910,11.3,11.29,11.28,11.31,11.32,11.33,1600,2200,2600,1300,3300,4400,11.31
812,819,BRANIMACNOR6BR00,ANIM3,1620837330098706,11.3,11.29,11.28,11.31,11.32,11.33,1600,2200,2600,1300,3300,4400,11.31
813,819,BRANIMACNOR6BR00,ANIM3,1620837330110832,11.3,11.29,11.28,11.31,11.32,11.33,1600,2200,2600,1400,3300,4400,11.31
814,819,BRANIMACNOR6BR00,ANIM3,1620837374878258,11.29,11.28,11.27,11.3,11.31,11.32,1700,5300,1800,1000,1900,2500,11.3
815,819,BRANIMACNOR6BR00,ANIM3,1620837374879655,11.29,11.28,11.27,11.3,11.31,11.32,1800,3000,4100,2000,2600,2000,11.3
816,819,BRANIMACNOR6BR00,ANIM3,1620837380256237,11.28,11.27,11.26,11.29,11.3,11.31,1300,4600,3500,200,3500,1600,11.28
817,819,BRANIMACNOR6BR00,ANIM3,1620837380257551,11.28,11.27,11.26,11.29,11.3,11.31,1300,4600,3500,1100,3400,1600,11.28
818,819,BRANIMACNOR6BR00,ANIM3,1620837396594728,11.27,11.26,11.25,11.28,11.29,11.3,1900,6300,2100,600,1800,3000,11.28
819,819,BRANIMACNOR6BR00,ANIM3,1620837396596271,11.27,11.26,11.25,11.28,11.29,11.3,1900,5600,2100,1500,2200,2500,11.28
820,819,BRANIMACNOR6BR00,ANIM3,1620837411361175,11.27,11.26,11.25,11.28,11.29,11.3,700,4900,2300,1500,1900,2300,11.28
821,819,BRANIMACNOR6BR00,ANIM3,1620837411361854,11.27,11.26,11.25,11.28,11.29,11.3,800,4900,2300,1500,1900,2300,11.28
822,819,BRANIMACNOR6BR00,ANIM3,1620837411361884,11.27,11.26,11.25,11.28,11.29,11.3,800,4900,2300,1500,1900,2300,11.28
823,819,BRANIMACNOR6BR00,ANIM3,1620837411362509,11.27,11.26,11.25,11.28,11.29,11.3,800,4900,2300,700,1900,2300,11.28
824,819,BRANIMACNOR6BR00,ANIM3,1620837411362531,11.27,11.26,11.25,11.28,11.29,11.3,800,4900,2300,700,1900,2300,11.28
825,819,BRANIMACNOR6BR00,ANIM3,1620837411362852,11.27,11.26,11.25,11.28,11.29,11.3,800,5400,2100,700,1900,2300,11.28
826,819,BRANIMACNOR6BR00,ANIM3,1620837411362869,11.27,11.26,11.25,11.28,11.29,11.3,800,5400,2100,700,1900,2300,11.28
827,819,BRANIMACNOR6BR00,ANIM3,1620837411371091,11.27,11.26,11.25,11.28,11.29,11.3,800,5400,2100,800,1900,2300,11.28
828,819,BRANIMACNOR6BR00,ANIM3,1620837411371117,11.27,11.26,11.25,11.28,11.29,11.3,800,5400,2100,800,1900,2300,11.28
829,819,BRANIMACNOR6BR00,ANIM3,1620837411372001,11.27,11.26,11.25,11.28,11.29,11.3,800,5400,2100,1600,1900,2300,11.28
830,819,BRANIMACNOR6BR00,ANIM3,1620837411372030,11.27,11.26,11.25,11.28,11.29,11.3,800,5400,2100,1600,1900,2300,11.28
831,819,BRANIMACNOR6BR00,ANIM3,1620837411493734,11.27,11.26,11.25,11.28,11.29,11.3,800,5400,2100,1600,1900,2300,11.28
832,819,BRANIMACNOR6BR00,ANIM3,1620837411493755,11.27,11.26,11.25,11.28,11.29,11.3,800,5400,2100,1600,1900,2300,11.28
833,819,BRANIMACNOR6BR00,ANIM3,1620837411599411,11.27,11.26,11.25,11.28,11.29,11.3,700,5400,2100,1600,1900,2300,11.28
834,819,BRANIMACNOR6BR00,ANIM3,1620837411600525,11.27,11.26,11.25,11.28,11.29,11.3,700,4900,2100,1700,1900,2300,11.28
835,819,BRANIMACNOR6BR00,ANIM3,1620837415962437,11.26,11.25,11.24,11.27,11.28,11.29,1900,4600,3100,100,2100,1800,11.26
836,819,BRANIMACNOR6BR00,ANIM3,1620837415963750,11.26,11.25,11.24,11.27,11.28,11.29,1600,4600,3100,200,2000,1800,11.26
837,819,BRANIMACNOR6BR00,ANIM3,1620837456943265,11.26,11.25,11.24,11.27,11.28,11.29,600,3700,2500,1600,2100,4000,11.27
838,819,BRANIMACNOR6BR00,ANIM3,1620837456943940,11.26,11.25,11.24,11.27,11.28,11.29,700,3700,2500,1600,2100,4000,11.27
839,819,BRANIMACNOR6BR00,ANIM3,1620837456945099,11.26,11.25,11.24,11.27,11.28,11.29,700,3700,2500,1700,2100,4000,11.27
840,819,BRANIMACNOR6BR00,ANIM3,1620837470427076,11.25,11.24,11.23,11.26,11.27,11.28,1400,4400,3000,200,2800,1800,11.26
841,819,BRANIMACNOR6BR00,ANIM3,1620837470428137,11.25,11.24,11.23,11.26,11.27,11.28,1400,4400,3000,300,3200,1300,11.26
842,819,BRANIMACNOR6BR00,ANIM3,1620837470540568,11.25,11.24,11.23,11.26,11.27,11.28,1100,4700,3000,100,3200,1300,11.26
