,MappingNumber,EsteeID,Ticker, CurrTimeInMicroSeconds, BP1, BP2, BP3, AP1, AP2, AP3, BQ1, BQ2, BQ3, AQ1, AQ2, AQ3, LTP
0,129,BRAALRACNOR6BR00,AALR3,1621355741382028,10.27,10.26,10.25,10.28,10.29,10.3,400,1000,2400,400,3900,3900,10.28
1,129,BRAALRACNOR6BR00,AALR3,1621355741383638,10.27,10.26,10.25,10.28,10.29,10.3,400,1000,2400,500,4100,4100,10.28
2,129,BRAALRACNOR6BR00,AALR3,1621355757884343,10.26,10.25,10.24,10.27,10.28,10.29,300,2500,2100,100,2300,4100,10.27
3,129,BRAALRACNOR6BR00,AALR3,1621355757885670,10.26,10.25,10.24,10.27,10.28,10.29,300,2500,2100,500,2200,4100,10.27
4,129,BRAALRACNOR6BR00,AALR3,1621355765234888,10.26,10.25,10.24,10.28,10.29,10.3,300,2500,2100,2400,4100,4100,10.27
5,129,BRAALRACNOR6BR00,AALR3,1621355765235009,10.26,10.25,10.24,10.28,10.29,10.3,300,2500,2100,2400,4100,4100,10.27
6,129,BRAALRACNOR6BR00,AALR3,1621355765235911,10.27,10.26,10.25,10.28,10.29,10.3,300,300,2500,2400,4100,4100,10.27
7,129,BRAALRACNOR6BR00,AALR3,1621355765237376,10.27,10.26,10.25,10.28,10.29,10.3,300,900,2400,1900,4100,4100,10.27
8,129,BRAALRACNOR6BR00,AALR3,1621355790074642,10.26,10.25,10.24,10.27,10.28,10.29,900,2400,2400,100,2200,4100,10.27
9,129,BRAALRACNOR6BR00,AALR3,1621355790076651,10.26,10.25,10.24,10.27,10.28,10.29,300,2400,2400,500,1300,4100,10.27
10,129,BRAALRACNOR6BR00,AALR3,1621355792031349,10.26,10.25,10.24,10.27,10.28,10.29,300,2500,2400,400,2100,4100,10.27
11,129,BRAALRACNOR6BR00,AALR3,1621355792031985,10.26,10.25,10.24,10.28,10.29,10.3,300,2500,2400,2100,4100,4600,10.27
12,129,BRAALRACNOR6BR00,AALR3,1621355792032003,10.26,10.25,10.24,10.28,10.29,10.3,300,2500,2400,2100,4100,4600,10.27
13,129,BRAALRACNOR6BR00,AALR3,1621355792032138,10.26,10.25,10.24,10.28,10.29,10.3,300,2500,2400,1500,4100,4600,10.27
14,129,BRAALRACNOR6BR00,AALR3,1621355792032168,10.26,10.25,10.24,10.28,10.29,10.3,300,2500,2400,1500,4100,4600,10.27
15,129,BRAALRACNOR6BR00,AALR3,1621355792032203,10.26,10.25,10.24,10.28,10.29,10.3,800,2500,2400,1500,4100,4600,10.27
16,129,BRAALRACNOR6BR00,AALR3,1621355792032228,10.26,10.25,10.24,10.28,10.29,10.3,800,2500,2400,1500,4100,4600,10.27
17,129,BRAALRACNOR6BR00,AALR3,1621355792032765,10.26,10.25,10.24,10.28,10.29,10.3,800,2500,2400,1200,4100,4600,10.27
18,129,BRAALRACNOR6BR00,AALR3,1621355792032785,10.26,10.25,10.24,10.28,10.29,10.3,800,2500,2400,1200,4100,4600,10.27
19,129,BRAALRACNOR6BR00,AALR3,1621355792032995,10.26,10.25,10.24,10.28,10.29,10.3,800,2500,2400,1700,4100,4600,10.27
20,129,BRAALRACNOR6BR00,AALR3,1621355792033012,10.26,10.25,10.24,10.28,10.29,10.3,800,2500,2400,1700,4100,4600,10.27
21,129,BRAALRACNOR6BR00,AALR3,1621355792132122,10.26,10.25,10.24,10.28,10.29,10.3,800,2500,2400,2000,4100,4600,10.27
22,129,BRAALRACNOR6BR00,AALR3,1621355792132142,10.26,10.25,10.24,10.28,10.29,10.3,800,2500,2400,2000,4100,4600,10.27
23,129,BRAALRACNOR6BR00,AALR3,1621355792515577,10.26,10.25,10.24,10.28,10.29,10.3,1200,2500,2400,2000,4100,4600,10.27
24,129,BRAALRACNOR6BR00,AALR3,1621355792515606,10.26,10.25,10.24,10.28,10.29,10.3,1200,2500,2400,2000,4100,4600,10.27
25,129,BRAALRACNOR6BR00,AALR3,1621355792516240,10.26,10.25,10.24,10.28,10.29,10.3,1200,2500,2400,1700,4100,4600,10.27
26,129,BRAALRACNOR6BR00,AALR3,1621355792516261,10.26,10.25,10.24,10.28,10.29,10.3,1200,2500,2400,1700,4100,4600,10.27
27,129,BRAALRACNOR6BR00,AALR3,1621355796041277,10.26,10.25,10.24,10.28,10.29,10.3,1200,2500,2400,2000,4100,4600,10.27
28,129,BRAALRACNOR6BR00,AALR3,1621355796041305,10.26,10.25,10.24,10.28,10.29,10.3,1200,2500,2400,2000,4100,4600,10.27
29,129,BRAALRACNOR6BR00,AALR3,1621355801128885,10.26,10.25,10.24,10.28,10.29,10.3,1200,2500,2400,1700,4100,4600,10.27
30,129,BRAALRACNOR6BR00,AALR3,1621355801130574,10.26,10.25,10.24,10.28,10.29,10.3,1200,2500,2400,1800,4100,4600,10.27
31,129,BRAALRACNOR6BR00,AALR3,1621355819189721,10.26,10.25,10.24,10.27,10.28,10.29,1500,2500,2400,100,1800,4200,10.27
32,129,BRAALRACNOR6BR00,AALR3,1621355819191185,10.26,10.25,10.24,10.27,10.28,10.29,1500,2500,2400,200,1200,4200,10.27
33,129,BRAALRACNOR6BR00,AALR3,1621355820702664,10.26,10.25,10.24,10.29,10.3,10.31,1000,2500,2400,400,4600,1500,10.29
34,129,BRAALRACNOR6BR00,AALR3,1621355820702681,10.26,10.25,10.24,10.29,10.3,10.31,1000,2500,2400,400,4600,1500,10.29
35,129,BRAALRACNOR6BR00,AALR3,1621355820703002,10.26,10.25,10.24,10.29,10.3,10.31,1000,2500,2400,400,4600,1500,10.29
36,129,BRAALRACNOR6BR00,AALR3,1621355820703760,10.27,10.26,10.25,10.29,10.3,10.31,600,1000,2500,400,4600,1500,10.29
37,129,BRAALRACNOR6BR00,AALR3,1621355820703779,10.27,10.26,10.25,10.29,10.3,10.31,600,1000,2500,400,4600,1500,10.29
38,129,BRAALRACNOR6BR00,AALR3,1621355820703827,10.27,10.26,10.25,10.29,10.3,10.31,600,1500,2500,400,4600,1500,10.29
39,129,BRAALRACNOR6BR00,AALR3,1621355820703845,10.27,10.26,10.25,10.29,10.3,10.31,600,1500,2500,400,4600,1500,10.29
40,129,BRAALRACNOR6BR00,AALR3,1621355820703968,10.27,10.26,10.25,10.29,10.3,10.31,600,1500,2500,200,4600,1700,10.29
41,129,BRAALRACNOR6BR00,AALR3,1621355820704002,10.27,10.26,10.25,10.29,10.3,10.31,600,1500,2500,200,4600,1700,10.29
42,129,BRAALRACNOR6BR00,AALR3,1621355820704019,10.27,10.26,10.25,10.29,10.3,10.31,600,1500,2500,700,4600,1700,10.29
43,129,BRAALRACNOR6BR00,AALR3,1621355820704044,10.27,10.26,10.25,10.29,10.3,10.31,600,1500,2500,700,4600,1700,10.29
44,129,BRAALRACNOR6BR00,AALR3,1621355820704392,10.27,10.26,10.25,10.29,10.3,10.31,600,1600,2500,700,4600,1700,10.29
45,129,BRAALRACNOR6BR00,AALR3,1621355820704412,10.27,10.26,10.25,10.29,10.3,10.31,600,1600,2500,700,4600,1700,10.29
46,129,BRAALRACNOR6BR00,AALR3,1621355820704677,10.27,10.26,10.25,10.29,10.3,10.31,600,1600,2400,700,4600,1700,10.29
47,129,BRAALRACNOR6BR00,AALR3,1621355820704696,10.27,10.26,10.25,10.29,10.3,10.31,600,1600,2400,700,4600,1700,10.29
48,129,BRAALRACNOR6BR00,AALR3,1621355820704812,10.26,10.25,10.24,10.29,10.3,10.31,1600,2400,2400,700,4600,1700,10.29
49,129,BRAALRACNOR6BR00,AALR3,1621355820704830,10.26,10.25,10.24,10.29,10.3,10.31,1600,2400,2400,700,4600,1700,10.29
50,129,BRAALRACNOR6BR00,AALR3,1621355820704869,10.27,10.26,10.25,10.29,10.3,10.31,300,1600,2400,700,4600,1700,10.29
51,129,BRAALRACNOR6BR00,AALR3,1621355820704886,10.27,10.26,10.25,10.29,10.3,10.31,300,1600,2400,700,4600,1700,10.29
52,129,BRAALRACNOR6BR00,AALR3,1621355820704932,10.27,10.26,10.25,10.29,10.3,10.31,600,1600,2400,700,4600,1700,10.29
53,129,BRAALRACNOR6BR00,AALR3,1621355820704956,10.27,10.26,10.25,10.29,10.3,10.31,600,1600,2400,700,4600,1700,10.29
54,129,BRAALRACNOR6BR00,AALR3,1621355820704977,10.27,10.26,10.25,10.29,10.3,10.31,1100,1600,2400,700,4600,1700,10.29
55,129,BRAALRACNOR6BR00,AALR3,1621355820704996,10.27,10.26,10.25,10.29,10.3,10.31,1100,1600,2400,700,4600,1700,10.29
56,129,BRAALRACNOR6BR00,AALR3,1621355820705206,10.27,10.26,10.25,10.29,10.3,10.31,1200,1600,2400,700,4600,1700,10.29
57,129,BRAALRACNOR6BR00,AALR3,1621355820705223,10.27,10.26,10.25,10.29,10.3,10.31,1200,1600,2400,700,4600,1700,10.29
58,129,BRAALRACNOR6BR00,AALR3,1621355820705955,10.27,10.26,10.25,10.29,10.3,10.31,1200,2200,2400,700,4600,1700,10.29
59,129,BRAALRACNOR6BR00,AALR3,1621355820705978,10.27,10.26,10.25,10.29,10.3,10.31,1200,2200,2400,700,4600,1700,10.29
60,129,BRAALRACNOR6BR00,AALR3,1621355820706023,10.27,10.26,10.25,10.29,10.3,10.31,1500,2200,2400,700,4600,1700,10.29
61,129,BRAALRACNOR6BR00,AALR3,1621355820706038,10.27,10.26,10.25,10.29,10.3,10.31,1500,2200,2400,700,4600,1700,10.29
62,129,BRAALRACNOR6BR00,AALR3,1621355820706137,10.27,10.26,10.25,10.29,10.3,10.31,1400,2200,2400,700,4600,1700,10.29
63,129,BRAALRACNOR6BR00,AALR3,1621355820706157,10.27,10.26,10.25,10.29,10.3,10.31,1400,2200,2400,700,4600,1700,10.29
64,129,BRAALRACNOR6BR00,AALR3,1621355820707486,10.27,10.26,10.25,10.29,10.3,10.31,1400,2100,2400,700,4600,1700,10.29
65,129,BRAALRACNOR6BR00,AALR3,1621355820707508,10.27,10.26,10.25,10.29,10.3,10.31,1400,2100,2400,700,4600,1700,10.29
66,129,BRAALRACNOR6BR00,AALR3,1621355820707536,10.27,10.26,10.25,10.29,10.3,10.31,1500,2100,2400,700,4600,1700,10.29
67,129,BRAALRACNOR6BR00,AALR3,1621355820707553,10.27,10.26,10.25,10.29,10.3,10.31,1500,2100,2400,700,4600,1700,10.29
68,129,BRAALRACNOR6BR00,AALR3,1621355820707630,10.27,10.26,10.25,10.29,10.3,10.31,2100,2100,2400,700,4600,1700,10.29
69,129,BRAALRACNOR6BR00,AALR3,1621355820707648,10.27,10.26,10.25,10.29,10.3,10.31,2100,2100,2400,700,4600,1700,10.29
70,129,BRAALRACNOR6BR00,AALR3,1621355820711288,10.27,10.26,10.25,10.29,10.3,10.31,1500,2100,2400,700,4600,1700,10.29
71,129,BRAALRACNOR6BR00,AALR3,1621355820711308,10.27,10.26,10.25,10.29,10.3,10.31,1500,2100,2400,700,4600,1700,10.29
72,129,BRAALRACNOR6BR00,AALR3,1621355835188397,10.27,10.26,10.25,10.29,10.3,10.31,1200,2100,2400,700,4600,1700,10.29
73,129,BRAALRACNOR6BR00,AALR3,1621355835188423,10.27,10.26,10.25,10.29,10.3,10.31,1200,2100,2400,700,4600,1700,10.29
74,129,BRAALRACNOR6BR00,AALR3,1621355835189266,10.27,10.26,10.25,10.29,10.3,10.31,900,2100,2400,700,4600,1700,10.29
75,129,BRAALRACNOR6BR00,AALR3,1621355835189284,10.27,10.26,10.25,10.29,10.3,10.31,900,2100,2400,700,4600,1700,10.29
76,129,BRAALRACNOR6BR00,AALR3,1621355835191604,10.27,10.26,10.25,10.29,10.3,10.31,1500,2100,2400,700,4600,1700,10.29
77,129,BRAALRACNOR6BR00,AALR3,1621355835191622,10.27,10.26,10.25,10.29,10.3,10.31,1500,2100,2400,700,4600,1700,10.29
78,129,BRAALRACNOR6BR00,AALR3,1621355835193830,10.27,10.26,10.25,10.29,10.3,10.31,900,2100,2400,700,4600,1700,10.29
79,129,BRAALRACNOR6BR00,AALR3,1621355835193848,10.27,10.26,10.25,10.29,10.3,10.31,900,2100,2400,700,4600,1700,10.29
80,129,BRAALRACNOR6BR00,AALR3,1621355835194686,10.27,10.26,10.25,10.29,10.3,10.31,1200,2100,2400,700,4600,1700,10.29
81,129,BRAALRACNOR6BR00,AALR3,1621355835194725,10.27,10.26,10.25,10.29,10.3,10.31,1200,2100,2400,700,4600,1700,10.29
82,129,BRAALRACNOR6BR00,AALR3,1621355842794049,10.27,10.26,10.25,10.29,10.3,10.31,400,2100,2400,700,4600,1700,10.27
83,129,BRAALRACNOR6BR00,AALR3,1621355842795791,10.27,10.26,10.25,10.29,10.3,10.31,500,2100,2400,1100,4600,1700,10.27
84,129,BRAALRACNOR6BR00,AALR3,1621355842796242,10.27,10.26,10.25,10.28,10.29,10.3,1000,2100,2400,500,1100,4600,10.27
85,129,BRAALRACNOR6BR00,AALR3,1621355842798083,10.27,10.26,10.25,10.28,10.29,10.3,800,1700,2400,600,1300,4600,10.27
86,129,BRAALRACNOR6BR00,AALR3,1621355845560672,10.27,10.26,10.25,10.28,10.29,10.3,900,1300,2400,100,1000,4600,10.28
87,129,BRAALRACNOR6BR00,AALR3,1621355845562210,10.27,10.26,10.25,10.29,10.3,10.31,1200,1300,2400,800,4600,1700,10.28
88,129,BRAALRACNOR6BR00,AALR3,1621355847892711,10.27,10.26,10.25,10.28,10.29,10.3,1300,1200,2400,100,800,4600,10.28
89,129,BRAALRACNOR6BR00,AALR3,1621355847894260,10.27,10.26,10.25,10.28,10.29,10.3,900,1200,2400,200,200,4600,10.28
90,129,BRAALRACNOR6BR00,AALR3,1621355848664112,10.27,10.26,10.25,10.29,10.3,10.31,1500,1300,2400,200,4600,1700,10.28
91,129,BRAALRACNOR6BR00,AALR3,1621355848664268,10.27,10.26,10.25,10.29,10.3,10.31,1500,1300,2400,200,4600,1700,10.28
92,129,BRAALRACNOR6BR00,AALR3,1621355848665142,10.27,10.26,10.25,10.29,10.3,10.31,1800,1300,2400,200,4600,1700,10.28
93,129,BRAALRACNOR6BR00,AALR3,1621355848666507,10.27,10.26,10.25,10.29,10.3,10.31,1900,1200,2400,800,4600,1700,10.28
94,129,BRAALRACNOR6BR00,AALR3,1621355878785095,10.27,10.26,10.25,10.28,10.29,10.3,1900,1200,2400,100,700,4600,10.29
95,129,BRAALRACNOR6BR00,AALR3,1621355878785124,10.27,10.26,10.25,10.28,10.29,10.3,1900,1200,2400,100,700,4600,10.29
96,129,BRAALRACNOR6BR00,AALR3,1621355899512410,10.27,10.26,10.25,10.29,10.3,10.31,1600,1200,2800,500,5200,1700,10.29
97,129,BRAALRACNOR6BR00,AALR3,1621355899513039,10.27,10.26,10.25,10.29,10.3,10.31,1900,1200,2800,500,5200,1700,10.29
98,129,BRAALRACNOR6BR00,AALR3,1621355899514367,10.27,10.26,10.25,10.29,10.3,10.31,1900,1200,2800,600,5200,1700,10.29
99,129,BRAALRACNOR6BR00,AALR3,1621355931567030,10.27,10.26,10.25,10.28,10.29,10.3,1500,1800,3300,100,2800,5000,10.28
100,129,BRAALRACNOR6BR00,AALR3,1621355931568666,10.27,10.26,10.25,10.28,10.29,10.3,1400,1800,3300,200,2700,5000,10.28
101,129,BRAALRACNOR6BR00,AALR3,1621355958901362,10.27,10.26,10.25,10.29,10.3,10.31,1400,2500,3300,2300,5200,1700,10.28
102,129,BRAALRACNOR6BR00,AALR3,1621355958901673,10.27,10.26,10.25,10.29,10.3,10.31,1400,2500,3300,2300,5200,1700,10.28
103,129,BRAALRACNOR6BR00,AALR3,1621355958902354,10.27,10.26,10.25,10.29,10.3,10.31,1400,3000,3300,2300,5200,1700,10.28
104,129,BRAALRACNOR6BR00,AALR3,1621355958903911,10.27,10.26,10.25,10.29,10.3,10.31,2000,2900,3300,2400,5200,1700,10.28
105,129,BRAALRACNOR6BR00,AALR3,1621356020525035,10.27,10.26,10.25,10.28,10.29,10.3,2500,3300,2900,100,2800,5000,10.28
106,129,BRAALRACNOR6BR00,AALR3,1621356020526338,10.27,10.26,10.25,10.28,10.29,10.3,2500,3300,2900,800,2100,5000,10.28
107,129,BRAALRACNOR6BR00,AALR3,1621356021658960,10.27,10.26,10.25,10.29,10.3,10.31,2400,3400,2900,2100,5000,1500,10.28
108,129,BRAALRACNOR6BR00,AALR3,1621356021659339,10.27,10.26,10.25,10.29,10.3,10.31,2400,3400,2900,2100,5000,1500,10.28
109,129,BRAALRACNOR6BR00,AALR3,1621356021659844,10.27,10.26,10.25,10.29,10.3,10.31,2400,3400,2900,2600,5000,1500,10.28
110,129,BRAALRACNOR6BR00,AALR3,1621356021661827,10.27,10.26,10.25,10.29,10.3,10.31,2500,3300,2900,2700,5000,1500,10.28
111,129,BRAALRACNOR6BR00,AALR3,1621356023699167,10.27,10.26,10.25,10.28,10.29,10.3,2500,3300,2900,100,2600,5000,10.28
112,129,BRAALRACNOR6BR00,AALR3,1621356023700495,10.27,10.26,10.25,10.28,10.29,10.3,2500,3300,2900,200,2000,5000,10.28
113,129,BRAALRACNOR6BR00,AALR3,1621356029636540,10.27,10.26,10.25,10.28,10.29,10.3,2400,3400,2900,100,2000,5000,10.27
114,129,BRAALRACNOR6BR00,AALR3,1621356029638677,10.27,10.26,10.25,10.29,10.3,10.31,2400,3400,2900,2700,5000,1500,10.27
115,129,BRAALRACNOR6BR00,AALR3,1621356029749476,10.27,10.26,10.25,10.28,10.29,10.3,3000,3300,2900,100,2600,5000,10.27
116,129,BRAALRACNOR6BR00,AALR3,1621356029750865,10.27,10.26,10.25,10.28,10.29,10.3,3000,3300,2900,200,2500,5000,10.27
117,129,BRAALRACNOR6BR00,AALR3,1621356030731830,10.27,10.26,10.25,10.29,10.3,10.31,2400,3400,2900,2500,5000,1500,10.28
118,129,BRAALRACNOR6BR00,AALR3,1621356030732071,10.27,10.26,10.25,10.29,10.3,10.31,2400,3400,2900,2500,5000,1500,10.28
119,129,BRAALRACNOR6BR00,AALR3,1621356030732539,10.27,10.26,10.25,10.29,10.3,10.31,2400,3400,2900,1900,5000,1500,10.28
120,129,BRAALRACNOR6BR00,AALR3,1621356030733942,10.28,10.27,10.26,10.29,10.3,10.31,300,3400,3300,2000,5000,1500,10.28
121,129,BRAALRACNOR6BR00,AALR3,1621356031172108,10.27,10.26,10.25,10.28,10.29,10.3,800,3300,2900,600,2000,5000,10.27
122,129,BRAALRACNOR6BR00,AALR3,1621356031173985,10.27,10.26,10.25,10.28,10.29,10.3,1500,2800,2900,100,2400,5000,10.27
123,129,BRAALRACNOR6BR00,AALR3,1621356031174389,10.27,10.26,10.25,10.28,10.29,10.3,1600,2800,2900,100,2400,5000,10.27
124,129,BRAALRACNOR6BR00,AALR3,1621356031175674,10.27,10.26,10.25,10.29,10.3,10.31,1600,2800,2900,3100,5000,1500,10.27
125,129,BRAALRACNOR6BR00,AALR3,1621356033691754,10.27,10.26,10.25,10.28,10.29,10.3,1600,2800,2900,100,3100,5000,10.27
126,129,BRAALRACNOR6BR00,AALR3,1621356033693054,10.27,10.26,10.25,10.28,10.29,10.3,1600,2800,2900,200,2500,5000,10.27
127,129,BRAALRACNOR6BR00,AALR3,1621356040574877,10.27,10.26,10.25,10.28,10.29,10.3,1300,2900,2900,100,2500,5000,10.28
128,129,BRAALRACNOR6BR00,AALR3,1621356040576671,10.27,10.26,10.25,10.29,10.3,10.31,1800,2900,2900,2600,5000,1500,10.28
129,129,BRAALRACNOR6BR00,AALR3,1621356064881327,10.27,10.26,10.25,10.28,10.29,10.3,2000,2800,3500,100,2000,5000,10.28
130,129,BRAALRACNOR6BR00,AALR3,1621356064882695,10.27,10.26,10.25,10.28,10.29,10.3,2000,2800,3500,200,1900,5000,10.28
131,129,BRAALRACNOR6BR00,AALR3,1621356065489745,10.27,10.26,10.25,10.29,10.3,10.31,1900,2900,3500,1900,5000,1500,10.28
132,129,BRAALRACNOR6BR00,AALR3,1621356065490024,10.27,10.26,10.25,10.29,10.3,10.31,1900,2900,3500,1900,5000,1500,10.28
133,129,BRAALRACNOR6BR00,AALR3,1621356065491101,10.27,10.26,10.25,10.29,10.3,10.31,2000,2900,3500,1900,5000,1500,10.28
134,129,BRAALRACNOR6BR00,AALR3,1621356065492448,10.27,10.26,10.25,10.29,10.3,10.31,2000,2800,3500,2000,5000,1500,10.28
135,129,BRAALRACNOR6BR00,AALR3,1621356095789404,10.27,10.26,10.25,10.28,10.29,10.3,3000,2800,3500,100,3000,7000,10.28
136,129,BRAALRACNOR6BR00,AALR3,1621356095790816,10.27,10.26,10.25,10.28,10.29,10.3,3000,2800,3500,200,2900,7000,10.28
137,129,BRAALRACNOR6BR00,AALR3,1621356095791652,10.27,10.26,10.25,10.29,10.3,10.31,3000,2800,3500,2900,7000,1500,10.28
138,129,BRAALRACNOR6BR00,AALR3,1621356095792139,10.27,10.26,10.25,10.29,10.3,10.31,2900,2800,3500,2900,7000,1500,10.28
139,129,BRAALRACNOR6BR00,AALR3,1621356095792546,10.27,10.26,10.25,10.29,10.3,10.31,2900,3300,3500,2900,7000,1500,10.28
140,129,BRAALRACNOR6BR00,AALR3,1621356095793701,10.27,10.26,10.25,10.29,10.3,10.31,3000,3300,3500,3000,7000,1500,10.28
141,129,BRAALRACNOR6BR00,AALR3,1621356100995327,10.27,10.26,10.25,10.28,10.29,10.3,3000,3300,3500,1400,3000,5100,10.28
142,129,BRAALRACNOR6BR00,AALR3,1621356100997083,10.27,10.26,10.25,10.28,10.29,10.3,2900,3300,3500,1500,2900,5100,10.28
143,129,BRAALRACNOR6BR00,AALR3,1621356113242219,10.28,10.27,10.26,10.29,10.3,10.31,200,2900,3400,2900,5000,1500,10.28
144,129,BRAALRACNOR6BR00,AALR3,1621356113242441,10.28,10.27,10.26,10.29,10.3,10.31,200,2900,3400,2900,5000,1500,10.28
145,129,BRAALRACNOR6BR00,AALR3,1621356113243206,10.28,10.27,10.26,10.29,10.3,10.31,700,2900,3400,2900,5000,1500,10.28
146,129,BRAALRACNOR6BR00,AALR3,1621356113244663,10.28,10.27,10.26,10.29,10.3,10.31,1000,3200,3300,3000,5000,1500,10.28
147,129,BRAALRACNOR6BR00,AALR3,1621356143132698,10.27,10.26,10.25,10.28,10.29,10.3,2200,3200,2900,100,3400,5000,10.28
148,129,BRAALRACNOR6BR00,AALR3,1621356143134325,10.27,10.26,10.25,10.28,10.29,10.3,2200,3200,2900,200,3300,5000,10.28
149,129,BRAALRACNOR6BR00,AALR3,1621356154475454,10.27,10.26,10.25,10.28,10.29,10.3,2300,3300,2900,100,3500,5000,10.27
150,129,BRAALRACNOR6BR00,AALR3,1621356154476750,10.27,10.26,10.25,10.29,10.3,10.31,2300,3300,2900,3600,5000,1500,10.27
151,129,BRAALRACNOR6BR00,AALR3,1621356156279767,10.27,10.26,10.25,10.28,10.29,10.3,2400,3200,2900,100,3600,5000,10.27
152,129,BRAALRACNOR6BR00,AALR3,1621356156281253,10.27,10.26,10.25,10.28,10.29,10.3,2400,3200,2900,200,3500,5000,10.27
153,129,BRAALRACNOR6BR00,AALR3,1621356162823044,10.28,10.27,10.26,10.29,10.3,10.31,1000,2300,3100,3500,5000,1500,10.28
154,129,BRAALRACNOR6BR00,AALR3,1621356162823361,10.28,10.27,10.26,10.29,10.3,10.31,1000,2300,3100,3500,5000,1500,10.28
155,132,BRABCBACNPR4BR00,ABCB4,1621355742887519,16.96,16.95,16.94,16.98,16.99,17.0,1200,1700,1200,400,1400,3500,16.96
156,132,BRABCBACNPR4BR00,ABCB4,1621355742889205,16.96,16.95,16.94,16.98,16.99,17.0,1200,1700,1200,500,1400,3500,16.96
157,132,BRABCBACNPR4BR00,ABCB4,1621355834600453,16.96,16.95,16.94,16.97,16.98,16.99,1800,400,700,300,900,1800,16.96
158,132,BRABCBACNPR4BR00,ABCB4,1621355834602140,16.96,16.95,16.94,16.97,16.98,16.99,800,400,600,600,800,1800,16.96
159,132,BRABCBACNPR4BR00,ABCB4,1621355834603735,16.95,16.94,16.93,16.96,16.97,16.98,200,300,2600,300,600,1000,16.96
160,132,BRABCBACNPR4BR00,ABCB4,1621355834605459,16.95,16.94,16.93,16.96,16.97,16.98,200,500,2500,600,500,1000,16.96
161,132,BRABCBACNPR4BR00,ABCB4,1621355835104765,16.93,16.92,16.91,16.95,16.96,16.97,1800,2200,800,300,800,700,16.94
162,132,BRABCBACNPR4BR00,ABCB4,1621355835106216,16.93,16.92,16.91,16.95,16.96,16.97,1600,1600,1400,600,700,700,16.94
163,132,BRABCBACNPR4BR00,ABCB4,1621355835625228,16.92,16.91,16.9,16.94,16.95,16.96,1700,1000,1000,300,900,1000,16.94
164,132,BRABCBACNPR4BR00,ABCB4,1621355835626916,16.92,16.91,16.9,16.94,16.95,16.96,1700,1000,1000,800,800,1000,16.94
165,132,BRABCBACNPR4BR00,ABCB4,1621355837018114,16.92,16.91,16.9,16.94,16.95,16.96,700,1000,700,200,800,900,16.94
166,132,BRABCBACNPR4BR00,ABCB4,1621355837018257,16.92,16.91,16.9,16.94,16.95,16.96,700,1000,700,200,700,900,16.94
167,132,BRABCBACNPR4BR00,ABCB4,1621355837019646,16.92,16.91,16.9,16.94,16.95,16.96,1000,1000,700,500,700,900,16.94
168,132,BRABCBACNPR4BR00,ABCB4,1621355852009900,16.92,16.91,16.9,16.95,16.96,16.97,1700,300,1300,700,1000,700,16.94
169,132,BRABCBACNPR4BR00,ABCB4,1621355852010856,16.92,16.91,16.9,16.95,16.96,16.97,1700,300,1300,500,1000,700,16.94
170,132,BRABCBACNPR4BR00,ABCB4,1621355852514567,16.92,16.91,16.9,16.95,16.96,16.97,1600,300,1300,500,1000,700,16.92
171,132,BRABCBACNPR4BR00,ABCB4,1621355852514593,16.92,16.91,16.9,16.95,16.96,16.97,1600,300,1300,500,1000,700,16.92
172,132,BRABCBACNPR4BR00,ABCB4,1621355858703889,16.92,16.91,16.9,16.95,16.96,16.97,1600,300,1400,500,1000,700,16.92
173,132,BRABCBACNPR4BR00,ABCB4,1621355858705539,16.92,16.91,16.9,16.95,16.96,16.97,1600,300,1400,600,1000,700,16.92
174,132,BRABCBACNPR4BR00,ABCB4,1621355858705933,16.92,16.91,16.9,16.94,16.95,16.96,1600,300,1400,300,600,1000,16.92
175,132,BRABCBACNPR4BR00,ABCB4,1621355858707498,16.92,16.91,16.9,16.94,16.95,16.96,1600,300,1400,800,500,1000,16.92
176,132,BRABCBACNPR4BR00,ABCB4,1621355861948317,16.92,16.91,16.9,16.95,16.96,16.97,1600,300,1400,700,900,800,16.94
177,132,BRABCBACNPR4BR00,ABCB4,1621355861948555,16.92,16.91,16.9,16.95,16.96,16.97,1600,300,1400,700,900,800,16.94
178,132,BRABCBACNPR4BR00,ABCB4,1621355861949020,16.92,16.91,16.9,16.95,16.96,16.97,1600,300,1400,600,900,800,16.94
179,132,BRABCBACNPR4BR00,ABCB4,1621355861950491,16.92,16.91,16.9,16.94,16.95,16.96,1600,300,1400,300,700,1000,16.94
180,132,BRABCBACNPR4BR00,ABCB4,1621355868969146,16.92,16.91,16.9,16.94,16.95,16.96,1600,400,1400,300,700,1000,16.94
181,132,BRABCBACNPR4BR00,ABCB4,1621355868970452,16.92,16.91,16.9,16.94,16.95,16.96,1600,400,1400,400,600,1000,16.94
182,132,BRABCBACNPR4BR00,ABCB4,1621355869671574,16.92,16.91,16.9,16.94,16.95,16.96,1600,400,1400,100,600,1000,16.94
183,132,BRABCBACNPR4BR00,ABCB4,1621355869673402,16.92,16.91,16.9,16.95,16.96,16.97,1600,400,1400,700,1000,800,16.94
184,132,BRABCBACNPR4BR00,ABCB4,1621355869676417,16.92,16.91,16.9,16.94,16.95,16.96,1500,400,1400,300,700,1000,16.92
185,132,BRABCBACNPR4BR00,ABCB4,1621355869677743,16.92,16.91,16.9,16.94,16.95,16.96,1500,400,1400,600,600,1000,16.92
186,132,BRABCBACNPR4BR00,ABCB4,1621355909380813,16.92,16.91,16.9,16.94,16.95,16.96,1300,500,1300,100,600,1000,16.94
187,132,BRABCBACNPR4BR00,ABCB4,1621355909382657,16.92,16.91,16.9,16.95,16.96,16.97,1600,500,1300,700,1000,1400,16.94
188,132,BRABCBACNPR4BR00,ABCB4,1621355909884104,16.92,16.91,16.9,16.94,16.95,16.96,1200,500,1300,300,700,1000,16.92
189,132,BRABCBACNPR4BR00,ABCB4,1621355909885578,16.92,16.91,16.9,16.94,16.95,16.96,1200,500,1300,800,600,1000,16.92
190,132,BRABCBACNPR4BR00,ABCB4,1621355930800937,16.92,16.91,16.9,16.93,16.94,16.95,1300,500,1300,1000,600,600,16.92
191,132,BRABCBACNPR4BR00,ABCB4,1621355930802328,16.92,16.91,16.9,16.93,16.94,16.95,1100,500,600,1300,200,700,16.92
192,132,BRABCBACNPR4BR00,ABCB4,1621355931648534,16.92,16.91,16.9,16.94,16.95,16.96,1200,500,600,200,700,700,16.93
193,132,BRABCBACNPR4BR00,ABCB4,1621355931648733,16.92,16.91,16.9,16.94,16.95,16.96,1200,500,600,200,700,700,16.93
194,132,BRABCBACNPR4BR00,ABCB4,1621355931649278,16.92,16.91,16.9,16.94,16.95,16.96,1200,500,600,200,600,700,16.93
195,132,BRABCBACNPR4BR00,ABCB4,1621355931650640,16.93,16.92,16.91,16.94,16.95,16.96,300,1500,500,100,600,800,16.93
196,132,BRABCBACNPR4BR00,ABCB4,1621355931651394,16.93,16.92,16.91,16.94,16.95,16.96,300,1500,600,100,600,800,16.93
197,132,BRABCBACNPR4BR00,ABCB4,1621355931653251,16.93,16.92,16.91,16.95,16.96,16.97,500,1200,600,600,700,1400,16.93
198,132,BRABCBACNPR4BR00,ABCB4,1621355938110245,16.92,16.91,16.9,16.94,16.95,16.96,1100,600,1500,200,700,700,16.93
199,132,BRABCBACNPR4BR00,ABCB4,1621355938112509,16.92,16.91,16.9,16.94,16.95,16.96,1100,900,1500,500,300,800,16.93
200,132,BRABCBACNPR4BR00,ABCB4,1621355977678553,16.92,16.91,16.9,16.95,16.96,16.97,1500,600,1500,200,700,1500,16.94
201,132,BRABCBACNPR4BR00,ABCB4,1621355977678809,16.92,16.91,16.9,16.95,16.96,16.97,1500,600,1500,200,700,1500,16.94
202,132,BRABCBACNPR4BR00,ABCB4,1621355977679897,16.93,16.92,16.91,16.95,16.96,16.97,300,1500,600,200,700,1500,16.94
203,132,BRABCBACNPR4BR00,ABCB4,1621355977682107,16.93,16.92,16.91,16.95,16.96,16.97,700,1800,600,300,700,1500,16.94
204,132,BRABCBACNPR4BR00,ABCB4,1621355977703147,16.93,16.92,16.91,16.94,16.95,16.96,1100,1400,500,100,300,500,16.93
205,132,BRABCBACNPR4BR00,ABCB4,1621355977704759,16.93,16.92,16.91,16.94,16.95,16.96,1100,1300,500,200,200,500,16.93
206,132,BRABCBACNPR4BR00,ABCB4,1621355982940145,16.92,16.91,16.9,16.94,16.95,16.96,2000,600,1500,100,200,700,16.92
207,132,BRABCBACNPR4BR00,ABCB4,1621355982941761,16.92,16.91,16.9,16.95,16.96,16.97,2000,600,1500,300,800,1400,16.92
208,132,BRABCBACNPR4BR00,ABCB4,1621356001618964,16.93,16.92,16.91,16.94,16.95,16.96,200,900,500,300,600,700,16.93
209,132,BRABCBACNPR4BR00,ABCB4,1621356001620407,16.93,16.92,16.91,16.94,16.95,16.96,200,900,400,600,600,700,16.93
210,132,BRABCBACNPR4BR00,ABCB4,1621356015567261,16.92,16.91,16.9,16.93,16.94,16.95,700,400,1600,200,1000,300,16.92
211,132,BRABCBACNPR4BR00,ABCB4,1621356015568871,16.92,16.91,16.9,16.93,16.94,16.95,700,400,900,700,200,400,16.92
212,132,BRABCBACNPR4BR00,ABCB4,1621356016571614,16.9,16.89,16.88,16.92,16.93,16.94,600,2800,1100,200,800,200,16.92
213,132,BRABCBACNPR4BR00,ABCB4,1621356016573429,16.9,16.89,16.88,16.92,16.93,16.94,200,1400,1400,300,700,400,16.92
214,132,BRABCBACNPR4BR00,ABCB4,1621356016795403,16.9,16.89,16.88,16.93,16.94,16.95,700,1100,1400,300,400,700,16.93
215,132,BRABCBACNPR4BR00,ABCB4,1621356016795502,16.9,16.89,16.88,16.93,16.94,16.95,700,1100,1400,300,400,700,16.93
216,132,BRABCBACNPR4BR00,ABCB4,1621356016796180,16.9,16.89,16.88,16.93,16.94,16.95,700,1100,1400,300,300,700,16.93
217,132,BRABCBACNPR4BR00,ABCB4,1621356016797907,16.91,16.9,16.89,16.93,16.94,16.95,500,1000,1800,400,600,800,16.92
218,132,BRABCBACNPR4BR00,ABCB4,1621356016799875,16.91,16.9,16.89,16.92,16.93,16.94,700,1200,1700,200,600,600,16.92
219,132,BRABCBACNPR4BR00,ABCB4,1621356016801263,16.91,16.9,16.89,16.92,16.93,16.94,500,1100,1700,300,500,600,16.92
220,132,BRABCBACNPR4BR00,ABCB4,1621356017079152,16.9,16.89,16.88,16.91,16.92,16.93,100,1100,1300,200,400,500,16.9
221,132,BRABCBACNPR4BR00,ABCB4,1621356017080797,16.9,16.89,16.88,16.91,16.92,16.93,600,1100,1300,300,300,600,16.9
222,132,BRABCBACNPR4BR00,ABCB4,1621356017081176,16.9,16.89,16.88,16.91,16.92,16.93,600,1100,1300,100,300,600,16.9
223,132,BRABCBACNPR4BR00,ABCB4,1621356017082402,16.9,16.89,16.88,16.92,16.93,16.94,100,1100,1300,400,500,600,16.9
224,132,BRABCBACNPR4BR00,ABCB4,1621356017216004,16.9,16.89,16.88,16.91,16.92,16.93,100,200,1300,200,400,500,16.9
225,132,BRABCBACNPR4BR00,ABCB4,1621356017217641,16.9,16.89,16.88,16.91,16.92,16.93,100,400,1400,300,300,500,16.9
226,132,BRABCBACNPR4BR00,ABCB4,1621356023648695,16.89,16.88,16.87,16.92,16.93,16.94,200,400,1400,300,700,700,16.91
227,132,BRABCBACNPR4BR00,ABCB4,1621356023648924,16.89,16.88,16.87,16.92,16.93,16.94,200,400,1400,300,700,700,16.91
228,132,BRABCBACNPR4BR00,ABCB4,1621356023649734,16.89,16.88,16.87,16.92,16.93,16.94,200,400,1400,600,700,700,16.91
229,132,BRABCBACNPR4BR00,ABCB4,1621356023651125,16.89,16.88,16.87,16.92,16.93,16.94,500,500,1300,700,700,700,16.91
230,132,BRABCBACNPR4BR00,ABCB4,1621356028585760,16.9,16.89,16.88,16.92,16.93,16.94,2200,1000,500,100,200,800,16.89
231,132,BRABCBACNPR4BR00,ABCB4,1621356028586509,16.9,16.89,16.88,16.93,16.94,16.95,2200,1100,400,200,800,1700,16.92
232,132,BRABCBACNPR4BR00,ABCB4,1621356028586977,16.9,16.89,16.88,16.93,16.94,16.95,2200,1100,400,200,700,1700,16.92
233,132,BRABCBACNPR4BR00,ABCB4,1621356028588546,16.91,16.9,16.89,16.93,16.94,16.95,600,2200,1200,300,700,1400,16.92
234,132,BRABCBACNPR4BR00,ABCB4,1621356038625619,16.91,16.9,16.89,16.93,16.94,16.95,1900,1100,1100,100,300,1400,16.92
235,132,BRABCBACNPR4BR00,ABCB4,1621356038627076,16.91,16.9,16.89,16.94,16.95,16.96,1900,1100,1100,400,1400,700,16.92
236,132,BRABCBACNPR4BR00,ABCB4,1621356053547770,16.92,16.91,16.9,16.94,16.95,16.96,1900,1100,1100,100,200,1300,16.94
237,132,BRABCBACNPR4BR00,ABCB4,1621356053550247,16.92,16.91,16.9,16.95,16.96,16.97,1900,1100,1100,300,1300,1200,16.94
238,132,BRABCBACNPR4BR00,ABCB4,1621356059272676,16.92,16.91,16.9,16.94,16.95,16.96,1600,1000,1200,300,800,800,16.92
239,132,BRABCBACNPR4BR00,ABCB4,1621356059273905,16.92,16.91,16.9,16.94,16.95,16.96,1400,1000,1200,600,400,800,16.92
240,132,BRABCBACNPR4BR00,ABCB4,1621356115762874,16.92,16.91,16.9,16.96,16.97,16.98,1700,1000,1300,700,1300,2800,16.96
241,132,BRABCBACNPR4BR00,ABCB4,1621356115763079,16.92,16.91,16.9,16.96,16.97,16.98,1700,1000,1300,700,1300,2800,16.96
242,132,BRABCBACNPR4BR00,ABCB4,1621356115763603,16.92,16.91,16.9,16.96,16.97,16.98,1700,1000,1300,600,1300,2800,16.96
243,132,BRABCBACNPR4BR00,ABCB4,1621356115765182,16.93,16.92,16.91,16.95,16.96,16.97,300,2000,1200,500,600,1300,16.96
244,132,BRABCBACNPR4BR00,ABCB4,1621356115765247,16.93,16.92,16.91,16.95,16.96,16.97,300,2000,1300,500,600,1300,16.96
245,132,BRABCBACNPR4BR00,ABCB4,1621356115766556,16.93,16.92,16.91,16.95,16.96,16.97,700,2100,1200,800,500,1300,16.96
246,132,BRABCBACNPR4BR00,ABCB4,1621356136479651,16.92,16.91,16.9,16.94,16.95,16.96,2300,700,1200,300,700,600,16.95
247,132,BRABCBACNPR4BR00,ABCB4,1621356136481021,16.92,16.91,16.9,16.94,16.95,16.96,2300,600,1200,600,600,700,16.95
248,132,BRABCBACNPR4BR00,ABCB4,1621356241008332,16.92,16.91,16.9,16.94,16.95,16.96,1900,700,1300,400,900,800,16.94
249,132,BRABCBACNPR4BR00,ABCB4,1621356241013155,16.92,16.91,16.9,16.94,16.95,16.96,1800,700,1300,400,900,800,16.92
250,132,BRABCBACNPR4BR00,ABCB4,1621356241014564,16.92,16.91,16.9,16.94,16.95,16.96,1800,700,1300,500,900,800,16.92
251,132,BRABCBACNPR4BR00,ABCB4,1621356249169713,16.93,16.92,16.91,16.94,16.95,16.96,3300,500,700,100,900,700,16.94
252,132,BRABCBACNPR4BR00,ABCB4,1621356249171386,16.93,16.92,16.91,16.95,16.96,16.97,3300,500,700,900,700,1400,16.94
253,132,BRABCBACNPR4BR00,ABCB4,1621356301554279,16.93,16.92,16.91,16.95,16.96,16.97,3100,600,700,600,600,1400,16.93
254,132,BRABCBACNPR4BR00,ABCB4,1621356301555597,16.93,16.92,16.91,16.94,16.95,16.96,3100,600,700,100,500,600,16.93
255,132,BRABCBACNPR4BR00,ABCB4,1621356307147848,16.93,16.92,16.91,16.94,16.95,16.96,2600,500,600,200,500,700,16.94
256,132,BRABCBACNPR4BR00,ABCB4,1621356307337376,16.93,16.92,16.91,16.94,16.95,16.96,2100,500,600,200,500,700,16.93
257,132,BRABCBACNPR4BR00,ABCB4,1621356307338785,16.93,16.92,16.91,16.94,16.95,16.96,2100,500,600,300,500,700,16.93
258,132,BRABCBACNPR4BR00,ABCB4,1621356321666554,16.93,16.92,16.91,16.95,16.96,16.97,1900,500,500,600,700,1300,16.94
259,132,BRABCBACNPR4BR00,ABCB4,1621356321667340,16.93,16.92,16.91,16.95,16.96,16.97,1900,500,500,400,700,1300,16.94
260,132,BRABCBACNPR4BR00,ABCB4,1621356321668749,16.93,16.92,16.91,16.94,16.95,16.96,1900,500,900,100,400,700,16.94
261,132,BRABCBACNPR4BR00,ABCB4,1621356330193001,16.93,16.92,16.91,16.95,16.96,16.97,1900,500,800,400,700,1300,16.94
262,138,BRABEVACNOR1BR00,ABEV3,1621355733232217,17.53,17.52,17.51,17.54,17.55,17.56,15800,25900,45400,20500,22700,40600,17.54
263,138,BRABEVACNOR1BR00,ABEV3,1621355733232236,17.53,17.52,17.51,17.54,17.55,17.56,15800,25900,45400,20500,22700,40600,17.54
264,138,BRABEVACNOR1BR00,ABEV3,1621355733450189,17.53,17.52,17.51,17.54,17.55,17.56,15800,25900,45400,27000,22700,40600,17.54
265,138,BRABEVACNOR1BR00,ABEV3,1621355733450233,17.53,17.52,17.51,17.54,17.55,17.56,15800,25900,45400,27000,22700,40600,17.54
266,138,BRABEVACNOR1BR00,ABEV3,1621355733953853,17.53,17.52,17.51,17.54,17.55,17.56,15700,25900,45400,27000,22700,40600,17.53
267,138,BRABEVACNOR1BR00,ABEV3,1621355733953873,17.53,17.52,17.51,17.54,17.55,17.56,15700,25900,45400,27000,22700,40600,17.53
268,138,BRABEVACNOR1BR00,ABEV3,1621355733954666,17.53,17.52,17.51,17.54,17.55,17.56,9200,25900,45400,27000,22700,40600,17.53
269,138,BRABEVACNOR1BR00,ABEV3,1621355733954684,17.53,17.52,17.51,17.54,17.55,17.56,9200,25900,45400,27000,22700,40600,17.53
270,138,BRABEVACNOR1BR00,ABEV3,1621355734786496,17.53,17.52,17.51,17.54,17.55,17.56,9200,25900,45400,27000,22700,43100,17.53
271,138,BRABEVACNOR1BR00,ABEV3,1621355734789047,17.53,17.52,17.51,17.54,17.55,17.56,9200,25900,45400,27100,22700,43100,17.53
272,138,BRABEVACNOR1BR00,ABEV3,1621355768730552,17.53,17.52,17.51,17.54,17.55,17.56,11200,28000,45500,2600,22800,42200,17.54
273,544,BRALPAACNPR7BR00,ALPA4,1621355735745756,45.81,45.8,45.79,45.84,45.85,45.86,800,400,500,600,500,1000,45.81
274,544,BRALPAACNPR7BR00,ALPA4,1621355735747237,45.81,45.8,45.79,45.84,45.85,45.86,900,400,500,600,500,1000,45.81
275,544,BRALPAACNPR7BR00,ALPA4,1621355748615683,45.82,45.81,45.8,45.84,45.85,45.86,100,900,1400,600,800,700,45.81
276,544,BRALPAACNPR7BR00,ALPA4,1621355748615704,45.82,45.81,45.8,45.84,45.85,45.86,100,900,1400,600,800,700,45.81
277,544,BRALPAACNPR7BR00,ALPA4,1621355770518247,45.83,45.82,45.81,45.84,45.85,45.86,300,800,600,500,400,700,45.82
278,544,BRALPAACNPR7BR00,ALPA4,1621355770519552,45.83,45.82,45.81,45.84,45.85,45.86,500,800,500,500,400,700,45.82
279,544,BRALPAACNPR7BR00,ALPA4,1621355772176160,45.84,45.83,45.82,45.87,45.88,45.89,400,500,600,200,600,1400,45.85
280,544,BRALPAACNPR7BR00,ALPA4,1621355772177846,45.84,45.83,45.82,45.87,45.88,45.89,800,700,600,200,600,1600,45.85
281,544,BRALPAACNPR7BR00,ALPA4,1621355774617485,45.83,45.82,45.81,45.87,45.88,45.89,300,600,200,200,400,1600,45.84
282,544,BRALPAACNPR7BR00,ALPA4,1621355774620734,45.84,45.82,45.81,45.87,45.88,45.89,100,600,200,500,400,1600,45.84
283,544,BRALPAACNPR7BR00,ALPA4,1621355774621183,45.82,45.81,45.8,45.87,45.88,45.89,600,200,1900,500,400,1600,45.84
284,544,BRALPAACNPR7BR00,ALPA4,1621355774622592,45.82,45.81,45.8,45.86,45.87,45.88,700,100,1900,400,900,400,45.84
285,544,BRALPAACNPR7BR00,ALPA4,1621355784452112,45.83,45.82,45.81,45.86,45.87,45.88,100,600,100,700,900,900,45.82
286,544,BRALPAACNPR7BR00,ALPA4,1621355784453938,45.83,45.82,45.81,45.86,45.87,45.88,200,500,100,700,700,900,45.82
287,544,BRALPAACNPR7BR00,ALPA4,1621355796025386,45.83,45.82,45.81,45.86,45.87,45.88,300,500,300,800,600,900,45.83
288,544,BRALPAACNPR7BR00,ALPA4,1621355796035843,45.83,45.82,45.81,45.86,45.87,45.88,400,500,300,800,600,900,45.83
289,544,BRALPAACNPR7BR00,ALPA4,1621355796037636,45.83,45.82,45.81,45.86,45.87,45.88,500,500,300,800,600,900,45.83
290,544,BRALPAACNPR7BR00,ALPA4,1621355838690148,45.84,45.83,45.82,45.86,45.87,45.88,100,1900,300,700,100,1100,45.83
291,544,BRALPAACNPR7BR00,ALPA4,1621355838691763,45.84,45.83,45.82,45.86,45.87,45.88,300,1800,300,700,100,1100,45.83
292,544,BRALPAACNPR7BR00,ALPA4,1621355847345643,45.85,45.84,45.83,45.86,45.87,45.88,100,400,1700,300,300,1100,45.83
293,544,BRALPAACNPR7BR00,ALPA4,1621355847347005,45.85,45.84,45.83,45.86,45.87,45.88,200,300,1700,300,300,1100,45.83
294,544,BRALPAACNPR7BR00,ALPA4,1621355862568201,45.84,45.83,45.82,45.87,45.88,45.89,300,1900,100,400,200,1300,45.85
295,544,BRALPAACNPR7BR00,ALPA4,1621355862568216,45.84,45.83,45.82,45.87,45.88,45.89,300,1900,100,400,200,1300,45.85
296,544,BRALPAACNPR7BR00,ALPA4,1621355862568371,45.84,45.83,45.82,45.87,45.88,45.89,300,1900,100,400,200,1300,45.85
297,544,BRALPAACNPR7BR00,ALPA4,1621355862568997,45.84,45.83,45.82,45.87,45.88,45.89,300,1700,100,400,200,1300,45.85
298,544,BRALPAACNPR7BR00,ALPA4,1621355862569025,45.84,45.83,45.82,45.87,45.88,45.89,300,1700,100,400,200,1300,45.85
299,544,BRALPAACNPR7BR00,ALPA4,1621355862569200,45.84,45.83,45.81,45.87,45.88,45.89,300,1700,100,400,200,1300,45.85
300,544,BRALPAACNPR7BR00,ALPA4,1621355862569227,45.84,45.83,45.81,45.87,45.88,45.89,200,1700,100,400,200,1300,45.85
301,544,BRALPAACNPR7BR00,ALPA4,1621355862569453,45.83,45.81,45.8,45.87,45.88,45.89,1700,100,1000,400,200,1300,45.84
302,544,BRALPAACNPR7BR00,ALPA4,1621355862569487,45.83,45.81,45.8,45.87,45.88,45.89,1600,100,1000,400,200,1300,45.84
303,544,BRALPAACNPR7BR00,ALPA4,1621355862569521,45.83,45.81,45.8,45.87,45.88,45.89,1600,100,1000,800,200,1300,45.84
304,544,BRALPAACNPR7BR00,ALPA4,1621355862569549,45.83,45.81,45.8,45.87,45.88,45.89,1600,100,1000,800,200,1300,45.84
305,544,BRALPAACNPR7BR00,ALPA4,1621355862570174,45.83,45.82,45.81,45.87,45.88,45.89,1600,100,100,800,200,1300,45.84
306,544,BRALPAACNPR7BR00,ALPA4,1621355862570196,45.83,45.82,45.81,45.87,45.88,45.89,1600,100,100,800,200,1300,45.84
307,544,BRALPAACNPR7BR00,ALPA4,1621355862570234,45.83,45.82,45.81,45.87,45.88,45.89,1600,100,100,800,200,1300,45.84
308,544,BRALPAACNPR7BR00,ALPA4,1621355862570250,45.83,45.82,45.81,45.87,45.88,45.89,1600,100,100,800,200,1300,45.84
309,544,BRALPAACNPR7BR00,ALPA4,1621355862570310,45.83,45.81,45.8,45.87,45.88,45.89,1600,100,900,800,200,1300,45.84
310,544,BRALPAACNPR7BR00,ALPA4,1621355862570351,45.83,45.81,45.8,45.87,45.88,45.89,1600,100,900,800,600,1300,45.84
311,544,BRALPAACNPR7BR00,ALPA4,1621355862570418,45.83,45.81,45.8,45.87,45.88,45.89,1600,100,900,1000,600,1300,45.84
312,544,BRALPAACNPR7BR00,ALPA4,1621355862570464,45.83,45.81,45.8,45.86,45.87,45.88,1600,100,900,400,1000,600,45.84
313,544,BRALPAACNPR7BR00,ALPA4,1621355862571353,45.83,45.81,45.8,45.86,45.87,45.88,1600,100,900,500,1000,600,45.84
314,544,BRALPAACNPR7BR00,ALPA4,1621355862571372,45.83,45.81,45.8,45.86,45.87,45.88,1600,100,900,500,1000,600,45.84
315,544,BRALPAACNPR7BR00,ALPA4,1621355862571407,45.83,45.81,45.8,45.86,45.87,45.88,1600,100,900,600,1000,600,45.84
316,544,BRALPAACNPR7BR00,ALPA4,1621355862571422,45.83,45.81,45.8,45.86,45.87,45.88,1600,100,900,600,1000,600,45.84
317,544,BRALPAACNPR7BR00,ALPA4,1621355862601766,45.83,45.81,45.8,45.86,45.87,45.88,1600,100,900,600,600,600,45.84
318,544,BRALPAACNPR7BR00,ALPA4,1621355862601787,45.83,45.81,45.8,45.86,45.87,45.88,1600,100,900,600,600,600,45.84
319,544,BRALPAACNPR7BR00,ALPA4,1621355863070012,45.83,45.81,45.8,45.86,45.87,45.88,1600,100,900,700,600,600,45.84
320,544,BRALPAACNPR7BR00,ALPA4,1621355863071236,45.83,45.81,45.8,45.86,45.87,45.88,1700,100,1100,700,600,600,45.84
321,544,BRALPAACNPR7BR00,ALPA4,1621355877168907,45.84,45.83,45.82,45.86,45.87,45.88,100,2600,1000,600,400,1100,45.83
322,544,BRALPAACNPR7BR00,ALPA4,1621355877170498,45.84,45.83,45.82,45.86,45.87,45.88,500,2500,1000,600,400,1300,45.83
323,544,BRALPAACNPR7BR00,ALPA4,1621355877562385,45.84,45.83,45.82,45.86,45.87,45.88,100,2400,1000,200,300,600,45.84
324,544,BRALPAACNPR7BR00,ALPA4,1621355877563697,45.83,45.82,45.81,45.86,45.87,45.88,2500,1000,200,200,300,600,45.84
325,544,BRALPAACNPR7BR00,ALPA4,1621355891801868,45.86,45.83,45.81,45.87,45.88,45.89,700,2600,200,300,1100,1500,45.86
326,544,BRALPAACNPR7BR00,ALPA4,1621355891803493,45.86,45.83,45.81,45.87,45.88,45.89,800,2700,200,300,200,800,45.86
327,544,BRALPAACNPR7BR00,ALPA4,1621355891914585,45.86,45.83,45.81,45.87,45.88,45.89,100,2700,200,200,200,800,45.86
328,544,BRALPAACNPR7BR00,ALPA4,1621355891916250,45.84,45.83,45.81,45.87,45.88,45.89,100,2700,200,300,200,800,45.86
329,544,BRALPAACNPR7BR00,ALPA4,1621355891916535,45.84,45.83,45.81,45.87,45.88,45.89,100,2500,200,300,200,800,45.86
330,544,BRALPAACNPR7BR00,ALPA4,1621355891918171,45.84,45.83,45.81,45.87,45.88,45.89,500,2500,200,200,200,800,45.86
331,544,BRALPAACNPR7BR00,ALPA4,1621355897308322,45.85,45.84,45.83,45.87,45.88,45.89,100,1200,2500,300,200,1300,45.84
332,544,BRALPAACNPR7BR00,ALPA4,1621355897309561,45.85,45.84,45.83,45.87,45.88,45.89,300,1100,2500,300,200,1300,45.84
333,544,BRALPAACNPR7BR00,ALPA4,1621355917601167,45.86,45.85,45.84,45.88,45.89,45.9,100,2400,1200,300,700,500,45.87
334,544,BRALPAACNPR7BR00,ALPA4,1621355917602650,45.86,45.85,45.84,45.88,45.89,45.9,300,2300,1200,300,700,500,45.87
335,544,BRALPAACNPR7BR00,ALPA4,1621355920577494,45.87,45.86,45.85,45.89,45.91,45.92,100,1500,2500,100,300,1200,45.88
336,544,BRALPAACNPR7BR00,ALPA4,1621355920580459,45.87,45.86,45.85,45.9,45.91,45.92,300,1500,2500,600,300,1200,45.89
337,544,BRALPAACNPR7BR00,ALPA4,1621355920834261,45.88,45.87,45.86,45.91,45.92,45.93,100,400,1300,700,1200,800,45.87
338,544,BRALPAACNPR7BR00,ALPA4,1621355920835900,45.88,45.87,45.86,45.9,45.91,45.92,500,400,1300,400,700,1200,45.87
339,544,BRALPAACNPR7BR00,ALPA4,1621355920837742,45.89,45.88,45.87,45.91,45.92,45.93,100,400,300,300,1200,800,45.9
340,544,BRALPAACNPR7BR00,ALPA4,1621355920839091,45.89,45.88,45.87,45.91,45.92,45.93,300,300,300,300,1200,600,45.9
341,544,BRALPAACNPR7BR00,ALPA4,1621355926720221,45.9,45.89,45.88,45.94,45.95,45.96,400,1300,500,300,3300,700,45.92
342,544,BRALPAACNPR7BR00,ALPA4,1621355926721930,45.91,45.9,45.89,45.94,45.95,45.96,100,900,1200,500,2500,700,45.92
343,544,BRALPAACNPR7BR00,ALPA4,1621355926722687,45.91,45.9,45.89,45.94,45.95,45.96,100,900,1200,500,2500,600,45.92
344,544,BRALPAACNPR7BR00,ALPA4,1621355926723868,45.91,45.9,45.89,45.94,45.95,45.96,100,800,1200,500,2500,600,45.92
345,544,BRALPAACNPR7BR00,ALPA4,1621355926724235,45.91,45.9,45.89,45.94,45.95,45.96,100,700,1200,500,2500,600,45.92
346,544,BRALPAACNPR7BR00,ALPA4,1621355926725476,45.9,45.89,45.88,45.94,45.95,45.96,300,1200,500,100,2500,600,45.92
347,544,BRALPAACNPR7BR00,ALPA4,1621355926726534,45.91,45.9,45.89,45.94,45.95,45.96,100,800,1200,100,2500,600,45.92
348,544,BRALPAACNPR7BR00,ALPA4,1621355926727800,45.91,45.9,45.89,45.94,45.95,45.96,200,800,1200,100,2500,600,45.92
349,544,BRALPAACNPR7BR00,ALPA4,1621355926728077,45.91,45.9,45.89,45.94,45.95,45.96,100,800,1200,100,2500,600,45.92
350,544,BRALPAACNPR7BR00,ALPA4,1621355926729380,45.9,45.89,45.88,45.94,45.95,45.96,900,1200,500,100,2500,600,45.92
351,544,BRALPAACNPR7BR00,ALPA4,1621355943691298,45.91,45.9,45.89,45.93,45.94,45.95,100,2000,1200,200,100,3900,45.9
352,544,BRALPAACNPR7BR00,ALPA4,1621355943692815,45.92,45.91,45.9,45.93,45.94,45.95,100,300,1900,200,500,3000,45.9
353,544,BRALPAACNPR7BR00,ALPA4,1621355943808934,45.91,45.9,45.89,45.93,45.94,45.95,100,1900,1200,300,100,3000,45.92
354,544,BRALPAACNPR7BR00,ALPA4,1621355943809492,45.91,45.9,45.89,45.93,45.94,45.95,100,1900,1200,400,100,3000,45.92
355,544,BRALPAACNPR7BR00,ALPA4,1621355943810843,45.91,45.9,45.89,45.93,45.94,45.95,200,1900,1200,400,100,3000,45.92
356,544,BRALPAACNPR7BR00,ALPA4,1621355944718467,45.92,45.91,45.9,45.93,45.94,45.95,100,200,1900,200,200,3000,45.92
357,544,BRALPAACNPR7BR00,ALPA4,1621355944719839,45.92,45.91,45.9,45.93,45.94,45.95,200,100,1900,200,200,3000,45.92
358,544,BRALPAACNPR7BR00,ALPA4,1621355952481397,45.92,45.91,45.9,45.93,45.94,45.95,3200,100,1900,300,100,2500,45.92
359,544,BRALPAACNPR7BR00,ALPA4,1621355952976873,45.92,45.91,45.9,45.93,45.94,45.95,2800,100,1900,300,100,2500,45.92
360,544,BRALPAACNPR7BR00,ALPA4,1621355952978472,45.92,45.91,45.9,45.93,45.94,45.95,2900,100,1900,300,100,2500,45.92
361,544,BRALPAACNPR7BR00,ALPA4,1621355973325793,45.93,45.92,45.91,45.94,45.95,45.96,100,4500,300,100,2500,100,45.93
362,544,BRALPAACNPR7BR00,ALPA4,1621355973325815,45.93,45.92,45.91,45.94,45.95,45.96,100,4500,300,100,2500,100,45.93
363,544,BRALPAACNPR7BR00,ALPA4,1621355973329510,45.94,45.93,45.92,45.95,45.97,45.98,100,100,4500,500,600,600,45.95
364,544,BRALPAACNPR7BR00,ALPA4,1621355973329536,45.94,45.93,45.92,45.95,45.97,45.98,100,100,4500,500,600,600,45.95
365,544,BRALPAACNPR7BR00,ALPA4,1621355973335390,45.93,45.92,45.91,45.95,45.97,45.98,400,4500,300,500,100,600,45.95
366,544,BRALPAACNPR7BR00,ALPA4,1621355973335407,45.93,45.92,45.91,45.95,45.97,45.98,400,4500,300,500,100,600,45.95
367,544,BRALPAACNPR7BR00,ALPA4,1621355973341201,45.94,45.93,45.92,45.95,45.97,45.98,100,400,4500,500,100,600,45.95
368,544,BRALPAACNPR7BR00,ALPA4,1621355973341233,45.94,45.93,45.92,45.95,45.97,45.98,100,400,4500,500,100,600,45.95
369,544,BRALPAACNPR7BR00,ALPA4,1621355973350993,45.93,45.92,45.91,45.95,45.97,45.98,400,4500,300,500,100,600,45.95
370,544,BRALPAACNPR7BR00,ALPA4,1621355973351027,45.93,45.92,45.91,45.95,45.97,45.98,400,4500,300,500,100,600,45.95
371,544,BRALPAACNPR7BR00,ALPA4,1621355973390311,45.94,45.93,45.92,45.95,45.97,45.98,100,500,4500,500,100,600,45.95
372,544,BRALPAACNPR7BR00,ALPA4,1621355973390343,45.94,45.93,45.92,45.95,45.97,45.98,100,500,4500,500,100,600,45.95
373,544,BRALPAACNPR7BR00,ALPA4,1621355973391227,45.93,45.92,45.91,45.95,45.97,45.98,500,4500,300,500,100,600,45.95
374,544,BRALPAACNPR7BR00,ALPA4,1621355973391251,45.93,45.92,45.91,45.95,45.97,45.98,500,4500,300,500,100,600,45.95
375,544,BRALPAACNPR7BR00,ALPA4,1621355973468531,45.94,45.93,45.92,45.95,45.97,45.98,100,100,4500,500,100,600,45.95
376,544,BRALPAACNPR7BR00,ALPA4,1621355973468548,45.94,45.93,45.92,45.95,45.97,45.98,100,100,4500,500,100,600,45.95
377,544,BRALPAACNPR7BR00,ALPA4,1621355974528531,45.93,45.92,45.91,45.95,45.98,45.99,100,4700,300,700,600,1100,45.95
378,544,BRALPAACNPR7BR00,ALPA4,1621355974529881,45.93,45.92,45.91,45.95,45.98,45.99,200,4600,300,700,600,1100,45.95
379,544,BRALPAACNPR7BR00,ALPA4,1621355974530196,45.94,45.93,45.92,45.95,45.98,45.99,100,200,4600,700,600,1100,45.95
380,544,BRALPAACNPR7BR00,ALPA4,1621355974531587,45.94,45.93,45.92,45.95,45.98,45.99,200,100,4600,700,600,1100,45.95
381,544,BRALPAACNPR7BR00,ALPA4,1621355974547178,45.94,45.93,45.92,45.95,45.98,45.99,100,100,4600,700,600,1100,45.95
382,544,BRALPAACNPR7BR00,ALPA4,1621355974548434,45.93,45.92,45.91,45.95,45.98,45.99,200,4600,300,700,600,1100,45.95
383,544,BRALPAACNPR7BR00,ALPA4,1621355974549056,45.94,45.93,45.92,45.95,45.98,45.99,100,200,4600,700,600,1100,45.95
384,544,BRALPAACNPR7BR00,ALPA4,1621355974550278,45.94,45.93,45.92,45.95,45.98,45.99,200,100,4600,700,600,1100,45.95
385,544,BRALPAACNPR7BR00,ALPA4,1621355978913749,45.95,45.94,45.93,45.98,45.99,46.0,100,300,300,100,500,3300,45.95
386,544,BRALPAACNPR7BR00,ALPA4,1621355978915632,45.95,45.94,45.93,45.99,46.0,46.01,400,300,300,400,3400,1000,45.95
387,544,BRALPAACNPR7BR00,ALPA4,1621355982972983,45.96,45.95,45.94,45.98,45.99,46.0,100,2300,200,500,500,3800,45.95
388,544,BRALPAACNPR7BR00,ALPA4,1621355982974383,45.96,45.95,45.94,45.98,45.99,46.0,400,2200,200,500,400,3800,45.95
389,544,BRALPAACNPR7BR00,ALPA4,1621355984690272,45.97,45.96,45.95,45.99,46.0,46.01,100,1000,2300,500,3400,1000,45.95
390,544,BRALPAACNPR7BR00,ALPA4,1621355984691660,45.97,45.96,45.95,45.99,46.0,46.01,400,900,2300,500,2900,1000,45.95
391,544,BRALPAACNPR7BR00,ALPA4,1621356006396701,45.98,45.97,45.96,46.0,46.01,46.02,100,3100,2000,2400,800,500,46.0
392,544,BRALPAACNPR7BR00,ALPA4,1621356006398416,45.98,45.97,45.96,46.0,46.01,46.02,500,3200,2000,2400,800,500,46.0
393,544,BRALPAACNPR7BR00,ALPA4,1621356033929918,45.98,45.97,45.96,45.99,46.0,46.01,3400,200,1100,900,1000,800,45.98
394,544,BRALPAACNPR7BR00,ALPA4,1621356033930438,45.98,45.97,45.96,45.99,46.0,46.01,3400,200,900,900,1000,800,45.98
395,544,BRALPAACNPR7BR00,ALPA4,1621356033931883,45.98,45.97,45.96,45.99,46.0,46.01,100,200,900,900,1000,1000,45.98
396,544,BRALPAACNPR7BR00,ALPA4,1621356033931944,45.98,45.97,45.96,45.99,46.0,46.01,100,200,900,900,1000,1000,45.98
397,544,BRALPAACNPR7BR00,ALPA4,1621356033932625,45.97,45.96,45.95,45.99,46.0,46.01,300,900,300,1300,1000,1000,45.98
398,544,BRALPAACNPR7BR00,ALPA4,1621356033932658,45.98,45.97,45.96,45.99,46.0,46.01,100,300,900,1300,1000,1000,45.98
399,544,BRALPAACNPR7BR00,ALPA4,1621356033934358,45.98,45.97,45.96,45.99,46.0,46.01,100,300,900,1300,600,600,45.98
400,544,BRALPAACNPR7BR00,ALPA4,1621356034457769,45.98,45.97,45.96,46.0,46.01,46.02,100,300,900,600,600,1000,45.98
401,544,BRALPAACNPR7BR00,ALPA4,1621356034458122,45.98,45.97,45.96,46.0,46.01,46.02,100,300,900,600,600,1000,45.98
402,544,BRALPAACNPR7BR00,ALPA4,1621356034458631,45.98,45.97,45.96,45.99,46.0,46.01,100,300,900,100,600,600,45.98
403,544,BRALPAACNPR7BR00,ALPA4,1621356034459954,45.98,45.97,45.96,45.99,46.0,46.01,300,300,900,100,600,600,45.98
404,544,BRALPAACNPR7BR00,ALPA4,1621356034685242,45.99,45.98,45.97,46.0,46.01,46.02,100,300,300,1400,600,1000,45.99
405,544,BRALPAACNPR7BR00,ALPA4,1621356034686761,45.99,45.98,45.97,46.0,46.01,46.02,300,200,300,1400,400,1000,45.99
406,544,BRALPAACNPR7BR00,ALPA4,1621356036143070,45.98,45.97,45.96,45.99,46.0,46.01,200,300,1100,700,1400,900,45.99
407,544,BRALPAACNPR7BR00,ALPA4,1621356036143337,45.98,45.97,45.96,45.99,46.0,46.01,200,300,1100,700,1400,900,45.99
408,544,BRALPAACNPR7BR00,ALPA4,1621356036143757,45.98,45.97,45.96,45.99,46.0,46.01,200,300,900,700,1400,900,45.99
409,544,BRALPAACNPR7BR00,ALPA4,1621356036145148,45.98,45.97,45.96,45.99,46.0,46.01,100,300,900,700,1400,900,45.98
410,544,BRALPAACNPR7BR00,ALPA4,1621356036145514,45.98,45.97,45.96,45.99,46.0,46.01,100,300,900,700,1400,900,45.98
411,544,BRALPAACNPR7BR00,ALPA4,1621356036146983,45.97,45.96,45.95,45.99,46.0,46.01,400,900,300,1500,600,900,45.98
412,544,BRALPAACNPR7BR00,ALPA4,1621356038238186,45.96,45.95,45.94,45.98,45.99,46.0,900,300,400,1000,1700,1100,45.97
413,544,BRALPAACNPR7BR00,ALPA4,1621356038238470,45.96,45.95,45.94,45.98,45.99,46.0,900,300,400,1000,1700,1100,45.97
414,544,BRALPAACNPR7BR00,ALPA4,1621356038238914,45.96,45.95,45.94,45.98,45.99,46.0,900,300,200,1000,1700,1100,45.97
415,544,BRALPAACNPR7BR00,ALPA4,1621356038240516,45.96,45.95,45.94,45.98,45.99,46.0,100,200,200,1600,1900,1100,45.96
416,544,BRALPAACNPR7BR00,ALPA4,1621356038240831,45.96,45.95,45.94,45.98,45.99,46.0,100,200,100,1600,1900,1100,45.96
417,544,BRALPAACNPR7BR00,ALPA4,1621356038241431,45.94,45.93,45.91,45.98,45.99,46.0,100,100,500,1600,1900,1900,45.95
418,544,BRALPAACNPR7BR00,ALPA4,1621356038242176,45.94,45.93,45.91,45.98,45.99,46.0,100,100,500,1600,1900,1900,45.95
419,544,BRALPAACNPR7BR00,ALPA4,1621356038243463,45.94,45.93,45.91,45.98,45.99,46.0,200,100,500,1600,1900,1900,45.95
420,544,BRALPAACNPR7BR00,ALPA4,1621356038389766,45.94,45.93,45.91,45.98,45.99,46.0,100,100,500,1600,1900,1900,45.94
421,544,BRALPAACNPR7BR00,ALPA4,1621356038390038,45.94,45.93,45.91,45.98,45.99,46.0,100,100,500,1600,1900,1900,45.94
422,544,BRALPAACNPR7BR00,ALPA4,1621356038390527,45.93,45.91,45.9,45.98,45.99,46.0,100,500,2200,1600,1900,1900,45.94
423,544,BRALPAACNPR7BR00,ALPA4,1621356038392127,45.93,45.91,45.9,45.98,45.99,46.0,200,300,2200,1600,1900,1900,45.94
424,544,BRALPAACNPR7BR00,ALPA4,1621356038742887,45.93,45.91,45.9,45.96,45.97,45.98,100,300,200,400,1800,1200,45.94
425,544,BRALPAACNPR7BR00,ALPA4,1621356038744349,45.93,45.91,45.9,45.96,45.97,45.98,100,400,200,600,1400,1200,45.94
426,544,BRALPAACNPR7BR00,ALPA4,1621356038744873,45.93,45.91,45.9,45.96,45.97,45.98,100,200,200,600,1400,1200,45.94
427,544,BRALPAACNPR7BR00,ALPA4,1621356038746188,45.93,45.91,45.9,45.96,45.97,45.98,100,200,200,800,1400,1200,45.94
428,544,BRALPAACNPR7BR00,ALPA4,1621356039241764,45.93,45.91,45.9,45.96,45.97,45.98,100,200,200,800,1400,1200,45.94
429,544,BRALPAACNPR7BR00,ALPA4,1621356039243049,45.91,45.9,45.89,45.96,45.97,45.98,300,200,400,800,1400,1700,45.94
430,544,BRALPAACNPR7BR00,ALPA4,1621356039417937,45.92,45.91,45.9,45.96,45.97,45.98,100,300,200,1000,400,1200,45.96
431,544,BRALPAACNPR7BR00,ALPA4,1621356039419292,45.92,45.91,45.9,45.96,45.97,45.98,900,900,200,1000,400,1200,45.96
432,544,BRALPAACNPR7BR00,ALPA4,1621356039419838,45.93,45.92,45.91,45.96,45.97,45.98,400,900,900,1000,400,1200,45.96
433,544,BRALPAACNPR7BR00,ALPA4,1621356039421036,45.93,45.92,45.91,45.96,45.97,45.98,500,800,900,1000,400,1200,45.96
434,544,BRALPAACNPR7BR00,ALPA4,1621356041573943,45.93,45.92,45.91,45.96,45.97,45.98,100,300,300,700,1600,1800,45.93
435,544,BRALPAACNPR7BR00,ALPA4,1621356041576056,45.92,45.91,45.9,45.96,45.97,45.98,200,300,600,700,1600,1800,45.93
436,544,BRALPAACNPR7BR00,ALPA4,1621356081381655,45.93,45.92,45.91,45.95,45.96,45.97,500,800,300,1500,800,900,45.93
437,544,BRALPAACNPR7BR00,ALPA4,1621356081383144,45.93,45.92,45.91,45.95,45.96,45.97,700,700,300,1500,300,900,45.93
438,544,BRALPAACNPR7BR00,ALPA4,1621356081386077,45.94,45.93,45.92,45.97,45.98,45.99,400,1200,900,200,1400,1500,45.96
439,544,BRALPAACNPR7BR00,ALPA4,1621356081387579,45.94,45.93,45.92,45.97,45.98,45.99,900,1100,900,200,1400,1300,45.96
440,544,BRALPAACNPR7BR00,ALPA4,1621356082823136,45.95,45.94,45.93,45.97,45.98,45.99,100,800,800,500,1100,1300,45.94
441,544,BRALPAACNPR7BR00,ALPA4,1621356082824778,45.95,45.94,45.93,45.97,45.98,45.99,500,500,800,500,1100,1300,45.94
442,544,BRALPAACNPR7BR00,ALPA4,1621356083433185,45.95,45.94,45.93,45.97,45.98,45.99,100,300,800,400,1100,1300,45.97
443,544,BRALPAACNPR7BR00,ALPA4,1621356083434516,45.94,45.93,45.92,45.97,45.98,45.99,400,800,400,400,1100,1300,45.97
444,544,BRALPAACNPR7BR00,ALPA4,1621356091738683,45.95,45.94,45.93,45.97,45.98,45.99,100,200,800,300,2000,1300,45.97
445,544,BRALPAACNPR7BR00,ALPA4,1621356091740414,45.95,45.94,45.93,45.97,45.98,45.99,200,100,800,300,2000,1300,45.97
446,544,BRALPAACNPR7BR00,ALPA4,1621356091740508,45.95,45.94,45.93,45.97,45.98,45.99,100,100,800,300,2000,1300,45.95
447,544,BRALPAACNPR7BR00,ALPA4,1621356091741024,45.93,45.92,45.91,45.97,45.98,45.99,800,400,300,300,2000,1300,45.94
448,544,BRALPAACNPR7BR00,ALPA4,1621356091741554,45.93,45.92,45.91,45.97,45.98,45.99,700,400,300,300,2000,1300,45.94
449,544,BRALPAACNPR7BR00,ALPA4,1621356091743036,45.93,45.92,45.91,45.97,45.98,45.99,700,200,300,600,2000,1300,45.94
450,544,BRALPAACNPR7BR00,ALPA4,1621356161007974,45.94,45.93,45.92,45.96,45.97,45.98,100,900,1300,600,600,1900,45.93
451,544,BRALPAACNPR7BR00,ALPA4,1621356161009588,45.94,45.93,45.92,45.96,45.97,45.98,200,800,1300,600,600,1900,45.93
452,544,BRALPAACNPR7BR00,ALPA4,1621356161122261,45.93,45.92,45.91,45.96,45.97,45.98,800,1300,300,200,600,1700,45.94
453,544,BRALPAACNPR7BR00,ALPA4,1621356161122917,45.93,45.92,45.91,45.96,45.97,45.98,800,1300,300,200,600,1700,45.94
454,544,BRALPAACNPR7BR00,ALPA4,1621356161123084,45.93,45.92,45.91,45.96,45.97,45.98,700,1300,300,200,600,1700,45.94
455,544,BRALPAACNPR7BR00,ALPA4,1621356161124308,45.93,45.92,45.91,45.96,45.97,45.98,800,1300,300,700,600,1700,45.94
456,544,BRALPAACNPR7BR00,ALPA4,1621356168296045,45.95,45.93,45.92,45.96,45.97,45.98,100,1900,200,100,700,1800,45.95
457,544,BRALPAACNPR7BR00,ALPA4,1621356168297572,45.95,45.93,45.92,45.96,45.97,45.98,200,1800,200,100,700,1800,45.95
458,544,BRALPAACNPR7BR00,ALPA4,1621356214677476,45.96,45.95,45.94,45.97,45.98,45.99,500,2200,200,300,1000,1300,45.96
459,544,BRALPAACNPR7BR00,ALPA4,1621356214679310,45.96,45.95,45.94,45.97,45.98,45.99,700,2100,200,300,1000,800,45.96
460,544,BRALPAACNPR7BR00,ALPA4,1621356215682570,45.95,45.94,45.93,45.97,45.98,45.99,1900,200,100,400,1000,700,45.96
461,544,BRALPAACNPR7BR00,ALPA4,1621356215683506,45.95,45.94,45.93,45.97,45.98,45.99,1900,200,100,400,1000,700,45.96
462,648,BRALSOACNOR5BR00,ALSO3,1621355736242164,27.78,27.77,27.76,27.8,27.82,27.83,1400,500,600,7500,1100,1100,27.8
463,648,BRALSOACNOR5BR00,ALSO3,1621355736242188,27.78,27.77,27.76,27.8,27.82,27.83,1400,500,600,7500,1100,1100,27.8
464,648,BRALSOACNOR5BR00,ALSO3,1621355736713142,27.78,27.77,27.76,27.8,27.81,27.82,1400,500,600,7500,300,1100,27.8
465,648,BRALSOACNOR5BR00,ALSO3,1621355736713169,27.78,27.77,27.76,27.8,27.81,27.82,1400,500,600,7500,300,1100,27.8
466,648,BRALSOACNOR5BR00,ALSO3,1621355740366433,27.78,27.77,27.76,27.79,27.8,27.81,1400,500,600,100,7500,300,27.8
467,648,BRALSOACNOR5BR00,ALSO3,1621355740367856,27.78,27.77,27.76,27.79,27.8,27.81,1500,500,600,100,7700,300,27.8
468,648,BRALSOACNOR5BR00,ALSO3,1621355753551973,27.79,27.78,27.77,27.8,27.81,27.82,600,600,500,7700,1700,1000,27.79
469,648,BRALSOACNOR5BR00,ALSO3,1621355753553505,27.79,27.78,27.77,27.8,27.81,27.82,800,700,500,7400,1200,1000,27.79
470,648,BRALSOACNOR5BR00,ALSO3,1621355754555032,27.79,27.78,27.77,27.8,27.81,27.82,100,700,500,7400,1200,1000,27.79
471,648,BRALSOACNOR5BR00,ALSO3,1621355754556794,27.78,27.77,27.76,27.8,27.81,27.82,800,500,400,7400,1200,1000,27.79
472,648,BRALSOACNOR5BR00,ALSO3,1621355754557374,27.79,27.78,27.77,27.8,27.81,27.82,100,800,500,7400,1200,1000,27.79
473,648,BRALSOACNOR5BR00,ALSO3,1621355754558742,27.79,27.78,27.77,27.8,27.81,27.82,300,700,500,6800,1200,1000,27.8
474,648,BRALSOACNOR5BR00,ALSO3,1621355785439309,27.79,27.78,27.77,27.8,27.81,27.82,400,400,600,6900,1200,900,27.79
475,648,BRALSOACNOR5BR00,ALSO3,1621355785440108,27.79,27.78,27.77,27.8,27.81,27.82,400,400,600,7000,1200,900,27.79
476,648,BRALSOACNOR5BR00,ALSO3,1621355785441503,27.79,27.78,27.77,27.8,27.81,27.82,500,400,600,7000,1200,900,27.79
477,648,BRALSOACNOR5BR00,ALSO3,1621355797678571,27.78,27.77,27.76,27.79,27.8,27.81,100,600,500,1300,7000,1200,27.79
478,648,BRALSOACNOR5BR00,ALSO3,1621355797679053,27.78,27.77,27.76,27.79,27.8,27.81,100,600,500,1300,7000,1200,27.79
479,648,BRALSOACNOR5BR00,ALSO3,1621355797679346,27.78,27.77,27.76,27.79,27.8,27.81,100,600,400,1300,7000,1200,27.79
480,648,BRALSOACNOR5BR00,ALSO3,1621355797680773,27.78,27.77,27.76,27.79,27.8,27.81,200,500,400,1500,7400,1300,27.79
481,648,BRALSOACNOR5BR00,ALSO3,1621355799958992,27.78,27.77,27.76,27.79,27.8,27.81,100,200,400,1400,7400,1900,27.78
482,648,BRALSOACNOR5BR00,ALSO3,1621355799963990,27.77,27.76,27.75,27.78,27.79,27.8,100,300,500,400,1500,7500,27.78
483,648,BRALSOACNOR5BR00,ALSO3,1621355799985769,27.77,27.76,27.75,27.78,27.79,27.8,100,300,500,500,1500,7500,27.78
484,648,BRALSOACNOR5BR00,ALSO3,1621355799987131,27.76,27.75,27.74,27.78,27.79,27.8,400,500,2200,500,1700,7500,27.78
485,648,BRALSOACNOR5BR00,ALSO3,1621355799999970,27.77,27.76,27.75,27.78,27.79,27.8,200,200,400,600,1700,7500,27.77
486,648,BRALSOACNOR5BR00,ALSO3,1621355800001424,27.77,27.76,27.75,27.78,27.79,27.8,300,400,400,200,1700,7500,27.77
487,648,BRALSOACNOR5BR00,ALSO3,1621355810332588,27.76,27.75,27.74,27.79,27.8,27.81,500,1000,700,1400,7800,1600,27.77
488,648,BRALSOACNOR5BR00,ALSO3,1621355810332969,27.76,27.75,27.74,27.79,27.8,27.81,500,1000,700,1400,7800,1600,27.77
489,648,BRALSOACNOR5BR00,ALSO3,1621355810333425,27.76,27.75,27.74,27.79,27.8,27.81,500,500,700,1400,7800,1600,27.77
490,648,BRALSOACNOR5BR00,ALSO3,1621355810334959,27.76,27.75,27.74,27.79,27.8,27.81,300,400,700,1500,7900,1600,27.77
491,648,BRALSOACNOR5BR00,ALSO3,1621355810842348,27.75,27.74,27.73,27.79,27.8,27.81,400,700,2400,1500,7900,1600,27.76
492,648,BRALSOACNOR5BR00,ALSO3,1621355810842681,27.75,27.74,27.73,27.79,27.8,27.81,400,700,2400,1500,7900,1600,27.76
493,648,BRALSOACNOR5BR00,ALSO3,1621355810843227,27.75,27.74,27.73,27.79,27.8,27.81,400,600,2400,1500,7900,1600,27.76
494,648,BRALSOACNOR5BR00,ALSO3,1621355810844637,27.75,27.74,27.73,27.79,27.8,27.81,700,600,2400,1600,7900,1600,27.76
495,648,BRALSOACNOR5BR00,ALSO3,1621355811350596,27.74,27.73,27.72,27.79,27.8,27.81,600,2400,1400,1600,7900,1600,27.75
496,648,BRALSOACNOR5BR00,ALSO3,1621355811351099,27.74,27.73,27.72,27.79,27.8,27.81,600,2400,1400,1600,7900,1600,27.75
497,648,BRALSOACNOR5BR00,ALSO3,1621355811351502,27.74,27.73,27.72,27.79,27.8,27.81,500,2400,1400,1600,7900,1600,27.75
498,648,BRALSOACNOR5BR00,ALSO3,1621355811353851,27.75,27.74,27.73,27.79,27.8,27.81,300,900,2500,1600,7900,1600,27.75
499,648,BRALSOACNOR5BR00,ALSO3,1621355811354440,27.75,27.74,27.73,27.79,27.8,27.81,500,900,2500,1600,7900,1600,27.75
500,648,BRALSOACNOR5BR00,ALSO3,1621355811356022,27.75,27.74,27.73,27.78,27.79,27.8,900,800,2500,600,1600,7900,27.75
501,648,BRALSOACNOR5BR00,ALSO3,1621355811860613,27.74,27.73,27.72,27.78,27.79,27.8,800,2500,1400,400,1700,7900,27.75
502,648,BRALSOACNOR5BR00,ALSO3,1621355811861031,27.74,27.73,27.72,27.78,27.79,27.8,800,2500,1400,400,1700,7900,27.75
503,648,BRALSOACNOR5BR00,ALSO3,1621355811861611,27.74,27.73,27.72,27.78,27.79,27.8,800,2500,1400,500,1700,7900,27.75
504,648,BRALSOACNOR5BR00,ALSO3,1621355811862854,27.74,27.73,27.72,27.78,27.79,27.8,900,2500,1400,500,1700,7900,27.75
505,648,BRALSOACNOR5BR00,ALSO3,1621355816662514,27.73,27.72,27.71,27.77,27.78,27.79,700,1500,2400,1100,1000,1700,27.74
506,648,BRALSOACNOR5BR00,ALSO3,1621355816662828,27.73,27.72,27.71,27.77,27.78,27.79,700,1500,2400,600,1000,1700,27.74
507,648,BRALSOACNOR5BR00,ALSO3,1621355816663270,27.73,27.72,27.71,27.77,27.78,27.79,700,1400,2400,600,1000,1700,27.74
508,648,BRALSOACNOR5BR00,ALSO3,1621355816664623,27.73,27.72,27.71,27.77,27.78,27.79,500,900,2500,600,1000,2300,27.74
509,648,BRALSOACNOR5BR00,ALSO3,1621355817171503,27.72,27.71,27.7,27.77,27.78,27.79,900,2500,1500,600,1000,2300,27.73
510,648,BRALSOACNOR5BR00,ALSO3,1621355817171825,27.72,27.71,27.7,27.77,27.78,27.79,900,2500,1500,600,1000,2300,27.73
511,648,BRALSOACNOR5BR00,ALSO3,1621355817172412,27.72,27.71,27.7,27.77,27.78,27.79,900,2500,1500,600,1000,2300,27.73
512,648,BRALSOACNOR5BR00,ALSO3,1621355817173881,27.72,27.71,27.7,27.77,27.78,27.79,1200,2500,1500,700,1500,2300,27.73
513,648,BRALSOACNOR5BR00,ALSO3,1621355817174602,27.73,27.72,27.71,27.77,27.78,27.79,100,1200,2500,700,1500,2300,27.73
514,648,BRALSOACNOR5BR00,ALSO3,1621355817176028,27.73,27.72,27.71,27.77,27.78,27.79,1600,1100,2500,1200,1500,2300,27.73
515,648,BRALSOACNOR5BR00,ALSO3,1621355817684366,27.72,27.71,27.7,27.77,27.78,27.79,2600,2500,1500,700,1500,2300,27.73
516,648,BRALSOACNOR5BR00,ALSO3,1621355817684959,27.73,27.72,27.71,27.77,27.78,27.79,100,2600,2500,700,1500,2300,27.73
517,648,BRALSOACNOR5BR00,ALSO3,1621355817685012,27.73,27.72,27.71,27.77,27.78,27.79,100,1600,2500,700,1500,2300,27.73
518,648,BRALSOACNOR5BR00,ALSO3,1621355817686905,27.73,27.72,27.71,27.77,27.78,27.79,500,1300,2500,900,1500,2300,27.73
519,648,BRALSOACNOR5BR00,ALSO3,1621355818197392,27.72,27.71,27.7,27.77,27.78,27.79,1300,2500,1200,800,1500,2300,27.73
520,648,BRALSOACNOR5BR00,ALSO3,1621355818197623,27.72,27.71,27.7,27.77,27.78,27.79,1300,2500,1200,800,1500,2300,27.73
521,648,BRALSOACNOR5BR00,ALSO3,1621355818198441,27.72,27.71,27.7,27.77,27.78,27.79,1300,2500,1200,900,1500,2300,27.73
522,648,BRALSOACNOR5BR00,ALSO3,1621355818199836,27.72,27.71,27.7,27.77,27.78,27.79,1400,2500,1200,900,1500,2300,27.73
523,648,BRALSOACNOR5BR00,ALSO3,1621355818707823,27.71,27.7,27.69,27.76,27.77,27.78,2500,1200,1500,800,1100,1400,27.72
524,648,BRALSOACNOR5BR00,ALSO3,1621355818707889,27.71,27.7,27.69,27.76,27.77,27.78,2500,1200,1500,800,1100,1400,27.72
525,648,BRALSOACNOR5BR00,ALSO3,1621355818708495,27.71,27.7,27.69,27.76,27.77,27.78,2400,1200,1500,800,1100,1400,27.72
526,648,BRALSOACNOR5BR00,ALSO3,1621355818710670,27.72,27.71,27.7,27.76,27.77,27.78,1300,800,1200,1000,1100,1300,27.72
527,648,BRALSOACNOR5BR00,ALSO3,1621355818717838,27.72,27.71,27.7,27.76,27.77,27.78,1300,900,1200,1000,1100,1300,27.72
528,648,BRALSOACNOR5BR00,ALSO3,1621355818719364,27.72,27.71,27.7,27.76,27.77,27.78,1600,800,1200,1000,1100,1300,27.72
529,648,BRALSOACNOR5BR00,ALSO3,1621355819220003,27.71,27.7,27.69,27.75,27.76,27.77,800,1300,3000,600,1000,1100,27.72
530,648,BRALSOACNOR5BR00,ALSO3,1621355819220396,27.71,27.7,27.69,27.75,27.76,27.77,800,1300,3000,600,1000,1100,27.72
531,648,BRALSOACNOR5BR00,ALSO3,1621355819220913,27.71,27.7,27.69,27.75,27.76,27.77,700,1300,3000,600,1000,1100,27.72
532,648,BRALSOACNOR5BR00,ALSO3,1621355819222448,27.71,27.7,27.69,27.75,27.76,27.77,800,1300,3000,700,1000,1100,27.72
533,648,BRALSOACNOR5BR00,ALSO3,1621355819223460,27.72,27.71,27.7,27.75,27.76,27.77,1000,800,1300,700,1000,1100,27.72
534,648,BRALSOACNOR5BR00,ALSO3,1621355819224731,27.72,27.71,27.7,27.75,27.76,27.77,1300,700,1300,600,1000,1100,27.72
535,648,BRALSOACNOR5BR00,ALSO3,1621355819733445,27.71,27.7,27.69,27.75,27.76,27.77,800,1300,3000,300,1000,1100,27.72
536,648,BRALSOACNOR5BR00,ALSO3,1621355819733751,27.71,27.7,27.69,27.75,27.76,27.77,800,1300,3000,300,1000,1100,27.72
537,648,BRALSOACNOR5BR00,ALSO3,1621355819734210,27.71,27.7,27.69,27.75,27.76,27.77,700,1300,3000,300,1000,1100,27.72
538,648,BRALSOACNOR5BR00,ALSO3,1621355819735700,27.71,27.7,27.69,27.75,27.76,27.77,800,1300,3000,500,1000,1100,27.72
539,648,BRALSOACNOR5BR00,ALSO3,1621355819736964,27.72,27.71,27.7,27.75,27.76,27.77,1000,800,1300,500,1000,1100,27.72
540,648,BRALSOACNOR5BR00,ALSO3,1621355819738377,27.72,27.71,27.7,27.75,27.76,27.77,1300,700,1300,600,1000,1100,27.72
541,648,BRALSOACNOR5BR00,ALSO3,1621355820243900,27.71,27.7,27.69,27.75,27.76,27.77,800,1300,3000,400,1000,1100,27.72
542,648,BRALSOACNOR5BR00,ALSO3,1621355820244180,27.71,27.7,27.69,27.75,27.76,27.77,800,1300,3000,400,1000,1100,27.72
543,648,BRALSOACNOR5BR00,ALSO3,1621355820244654,27.71,27.7,27.69,27.75,27.76,27.77,700,1300,3000,400,1000,1100,27.72
544,648,BRALSOACNOR5BR00,ALSO3,1621355820246108,27.71,27.7,27.69,27.75,27.76,27.77,800,1300,3000,500,1000,1100,27.72
545,648,BRALSOACNOR5BR00,ALSO3,1621355820247274,27.72,27.71,27.7,27.75,27.76,27.77,1000,800,1300,500,1000,1100,27.72
546,648,BRALSOACNOR5BR00,ALSO3,1621355820248987,27.72,27.71,27.7,27.75,27.76,27.77,1300,700,1300,600,1000,1100,27.72
547,648,BRALSOACNOR5BR00,ALSO3,1621355820750254,27.71,27.7,27.69,27.75,27.76,27.77,700,1300,3000,400,1000,1100,27.72
548,648,BRALSOACNOR5BR00,ALSO3,1621355820750469,27.71,27.7,27.69,27.75,27.76,27.77,700,1300,3000,400,1000,1100,27.72
549,648,BRALSOACNOR5BR00,ALSO3,1621355820751307,27.71,27.7,27.69,27.75,27.76,27.77,700,1300,3000,500,1000,1100,27.72
550,648,BRALSOACNOR5BR00,ALSO3,1621355820752587,27.71,27.7,27.69,27.75,27.76,27.77,800,1300,3000,500,1000,1100,27.72
551,648,BRALSOACNOR5BR00,ALSO3,1621355820753473,27.72,27.71,27.7,27.75,27.76,27.77,1000,800,1300,500,1000,1100,27.72
552,648,BRALSOACNOR5BR00,ALSO3,1621355820753495,27.72,27.71,27.7,27.75,27.76,27.77,1000,800,1300,500,1000,1100,27.72
553,648,BRALSOACNOR5BR00,ALSO3,1621355840016640,27.7,27.69,27.68,27.73,27.74,27.75,700,3000,900,200,600,1500,27.71
554,648,BRALSOACNOR5BR00,ALSO3,1621355840017003,27.7,27.69,27.68,27.73,27.74,27.75,700,3000,900,200,600,1500,27.71
555,648,BRALSOACNOR5BR00,ALSO3,1621355840017451,27.7,27.69,27.68,27.73,27.74,27.75,400,3000,900,200,600,1500,27.71
556,648,BRALSOACNOR5BR00,ALSO3,1621355840019684,27.7,27.69,27.68,27.73,27.74,27.75,400,800,900,500,700,1200,27.71
557,648,BRALSOACNOR5BR00,ALSO3,1621355840020142,27.72,27.7,27.69,27.73,27.74,27.75,1000,400,700,500,700,1200,27.71
558,648,BRALSOACNOR5BR00,ALSO3,1621355840021872,27.72,27.7,27.69,27.73,27.74,27.75,1100,600,700,400,600,1200,27.71
559,648,BRALSOACNOR5BR00,ALSO3,1621355840503577,27.72,27.7,27.69,27.73,27.74,27.75,100,300,1200,400,1000,1300,27.72
560,648,BRALSOACNOR5BR00,ALSO3,1621355840504978,27.7,27.69,27.68,27.73,27.74,27.75,400,1200,2500,400,1000,1300,27.72
561,648,BRALSOACNOR5BR00,ALSO3,1621355840505334,27.72,27.7,27.69,27.73,27.74,27.75,600,400,1200,400,1000,1300,27.72
562,648,BRALSOACNOR5BR00,ALSO3,1621355840506617,27.72,27.7,27.69,27.73,27.74,27.75,700,300,1200,400,1000,1300,27.72
563,648,BRALSOACNOR5BR00,ALSO3,1621355840624455,27.72,27.7,27.69,27.73,27.74,27.75,100,300,1200,300,1000,1300,27.72
564,648,BRALSOACNOR5BR00,ALSO3,1621355840625806,27.7,27.69,27.68,27.73,27.74,27.75,400,1200,2500,300,1000,1300,27.72
565,648,BRALSOACNOR5BR00,ALSO3,1621355840626283,27.72,27.7,27.69,27.73,27.74,27.75,600,400,1200,300,1000,1300,27.72
566,648,BRALSOACNOR5BR00,ALSO3,1621355840627779,27.72,27.7,27.69,27.73,27.74,27.75,700,300,1200,300,1000,1300,27.72
567,648,BRALSOACNOR5BR00,ALSO3,1621355844348462,27.72,27.7,27.69,27.74,27.75,27.76,100,400,1200,1000,1300,1600,27.72
568,648,BRALSOACNOR5BR00,ALSO3,1621355844349987,27.72,27.7,27.69,27.74,27.75,27.76,500,500,1200,1000,1300,1600,27.72
569,648,BRALSOACNOR5BR00,ALSO3,1621355844350480,27.72,27.7,27.69,27.74,27.75,27.76,500,500,1200,1000,1200,1600,27.72
570,648,BRALSOACNOR5BR00,ALSO3,1621355844351986,27.72,27.7,27.69,27.74,27.75,27.76,700,500,1200,1000,600,1700,27.72
571,648,BRALSOACNOR5BR00,ALSO3,1621355852325964,27.73,27.72,27.7,27.74,27.75,27.76,100,600,900,1000,600,1700,27.72
572,648,BRALSOACNOR5BR00,ALSO3,1621355852325983,27.73,27.72,27.7,27.74,27.75,27.76,100,600,900,1000,600,1700,27.72
573,648,BRALSOACNOR5BR00,ALSO3,1621355865920013,27.74,27.73,27.72,27.75,27.76,27.77,100,200,600,500,800,1500,27.72
574,648,BRALSOACNOR5BR00,ALSO3,1621355865922345,27.74,27.73,27.72,27.75,27.76,27.77,200,200,600,600,700,1000,27.72
575,648,BRALSOACNOR5BR00,ALSO3,1621355866043607,27.74,27.73,27.72,27.75,27.76,27.77,100,500,600,600,700,900,27.72
576,648,BRALSOACNOR5BR00,ALSO3,1621355866044927,27.73,27.72,27.71,27.75,27.76,27.77,600,600,500,600,700,900,27.72
577,648,BRALSOACNOR5BR00,ALSO3,1621355870441714,27.73,27.72,27.71,27.74,27.75,27.76,100,400,600,200,600,800,27.72
578,648,BRALSOACNOR5BR00,ALSO3,1621355870443193,27.72,27.71,27.7,27.74,27.75,27.76,500,600,1000,200,600,800,27.72
579,648,BRALSOACNOR5BR00,ALSO3,1621355871623416,27.73,27.72,27.71,27.74,27.75,27.76,100,900,500,100,600,800,27.72
580,648,BRALSOACNOR5BR00,ALSO3,1621355871623438,27.73,27.72,27.71,27.74,27.75,27.76,100,900,500,100,600,800,27.72
581,648,BRALSOACNOR5BR00,ALSO3,1621355888244537,27.74,27.73,27.72,27.77,27.78,27.79,400,1600,1300,500,1800,2000,27.73
582,648,BRALSOACNOR5BR00,ALSO3,1621355888244558,27.74,27.73,27.72,27.77,27.78,27.79,400,1600,1300,500,1800,2000,27.73
583,648,BRALSOACNOR5BR00,ALSO3,1621355894118473,27.75,27.74,27.73,27.76,27.77,27.78,600,200,1100,400,700,1600,27.73
584,648,BRALSOACNOR5BR00,ALSO3,1621355894120137,27.75,27.74,27.73,27.76,27.77,27.78,700,200,1100,100,600,1400,27.73
585,648,BRALSOACNOR5BR00,ALSO3,1621355897538804,27.76,27.75,27.74,27.77,27.78,27.79,100,700,1200,600,1100,900,27.75
586,648,BRALSOACNOR5BR00,ALSO3,1621355897540528,27.76,27.75,27.74,27.77,27.78,27.79,200,500,1200,600,1100,900,27.75
587,648,BRALSOACNOR5BR00,ALSO3,1621355908268643,27.76,27.75,27.74,27.77,27.78,27.79,100,1000,1100,300,900,700,27.76
588,648,BRALSOACNOR5BR00,ALSO3,1621355908268935,27.76,27.75,27.74,27.77,27.78,27.79,100,1000,1100,300,900,700,27.76
589,873,BRALUPCDAM15BR00,ALUP11,1621355743870658,27.36,27.35,27.34,27.38,27.39,27.4,500,500,1300,600,400,1100,27.38
590,873,BRALUPCDAM15BR00,ALUP11,1621355743872388,27.36,27.35,27.34,27.38,27.39,27.4,600,500,1300,600,400,1100,27.38
591,873,BRALUPCDAM15BR00,ALUP11,1621355745212832,27.37,27.36,27.35,27.38,27.39,27.4,200,600,500,600,400,1100,27.38
592,873,BRALUPCDAM15BR00,ALUP11,1621355745214861,27.37,27.36,27.35,27.38,27.39,27.4,300,700,400,600,400,400,27.38
593,873,BRALUPCDAM15BR00,ALUP11,1621355760466869,27.38,27.37,27.36,27.39,27.4,27.41,200,700,1300,100,300,700,27.38
594,873,BRALUPCDAM15BR00,ALUP11,1621355760468833,27.38,27.37,27.36,27.39,27.4,27.41,300,400,1300,100,300,700,27.38
595,873,BRALUPCDAM15BR00,ALUP11,1621355761770635,27.39,27.38,27.37,27.4,27.41,27.42,100,300,300,400,600,1800,27.39
596,873,BRALUPCDAM15BR00,ALUP11,1621355761770659,27.39,27.38,27.37,27.4,27.41,27.42,100,300,300,400,600,1800,27.39
597,873,BRALUPCDAM15BR00,ALUP11,1621355807524668,27.4,27.39,27.38,27.41,27.42,27.43,100,400,600,600,1600,500,27.4
598,873,BRALUPCDAM15BR00,ALUP11,1621355807526254,27.4,27.39,27.38,27.41,27.42,27.43,200,400,600,600,1600,400,27.4
599,873,BRALUPCDAM15BR00,ALUP11,1621355946101682,27.39,27.38,27.37,27.41,27.42,27.43,400,900,600,800,1200,400,27.4
600,873,BRALUPCDAM15BR00,ALUP11,1621355946102039,27.39,27.38,27.37,27.41,27.42,27.43,300,900,600,800,1200,400,27.4
601,873,BRALUPCDAM15BR00,ALUP11,1621355946103996,27.38,27.37,27.36,27.4,27.41,27.42,200,1000,2900,300,800,1300,27.4
602,873,BRALUPCDAM15BR00,ALUP11,1621355946104117,27.38,27.37,27.36,27.4,27.41,27.42,200,1000,2400,300,800,1300,27.4
603,873,BRALUPCDAM15BR00,ALUP11,1621355946104717,27.37,27.36,27.35,27.4,27.41,27.42,1000,2400,600,200,800,1300,27.4
604,873,BRALUPCDAM15BR00,ALUP11,1621355946104768,27.38,27.37,27.36,27.4,27.41,27.42,100,1000,2400,200,800,1300,27.4
605,873,BRALUPCDAM15BR00,ALUP11,1621355946106533,27.38,27.37,27.36,27.4,27.41,27.42,600,1100,800,200,800,1300,27.4
606,873,BRALUPCDAM15BR00,ALUP11,1621355946158691,27.39,27.38,27.37,27.41,27.42,27.43,200,800,1100,800,1200,600,27.4
607,873,BRALUPCDAM15BR00,ALUP11,1621355946160229,27.39,27.38,27.37,27.41,27.42,27.43,300,700,1100,800,1200,600,27.4
608,873,BRALUPCDAM15BR00,ALUP11,1621355946224270,27.39,27.38,27.37,27.41,27.42,27.43,100,700,1100,900,1200,700,27.4
609,873,BRALUPCDAM15BR00,ALUP11,1621355946225549,27.38,27.37,27.36,27.41,27.42,27.43,800,1100,2300,900,1200,700,27.4
610,873,BRALUPCDAM15BR00,ALUP11,1621355946281668,27.4,27.38,27.37,27.41,27.42,27.43,100,900,1100,900,1200,700,27.4
611,873,BRALUPCDAM15BR00,ALUP11,1621355946281693,27.4,27.38,27.37,27.41,27.42,27.43,100,900,1100,900,1200,700,27.4
612,873,BRALUPCDAM15BR00,ALUP11,1621355946343965,27.39,27.38,27.37,27.41,27.42,27.43,100,900,1100,900,1200,700,27.4
613,873,BRALUPCDAM15BR00,ALUP11,1621355946345278,27.39,27.38,27.37,27.41,27.42,27.43,200,700,1800,900,1200,700,27.4
614,873,BRALUPCDAM15BR00,ALUP11,1621356026476585,27.4,27.39,27.38,27.41,27.42,27.43,100,800,800,300,1200,700,27.4
615,873,BRALUPCDAM15BR00,ALUP11,1621356026478669,27.4,27.39,27.38,27.41,27.42,27.43,700,200,900,300,1200,600,27.4
616,873,BRALUPCDAM15BR00,ALUP11,1621356124102961,27.4,27.39,27.38,27.41,27.42,27.43,100,300,700,800,1200,600,27.4
617,873,BRALUPCDAM15BR00,ALUP11,1621356124103563,27.4,27.39,27.38,27.41,27.42,27.43,100,100,700,800,1200,600,27.4
618,873,BRALUPCDAM15BR00,ALUP11,1621356124105235,27.38,27.37,27.36,27.4,27.41,27.42,700,1000,2400,300,900,1200,27.4
619,873,BRALUPCDAM15BR00,ALUP11,1621356124105442,27.38,27.37,27.36,27.4,27.41,27.42,700,900,2400,300,900,1200,27.4
620,873,BRALUPCDAM15BR00,ALUP11,1621356124105576,27.38,27.37,27.36,27.4,27.41,27.42,700,900,2400,300,900,1200,27.4
621,924,BRANIMACNOR6BR00,ANIM3,1621355733211445,12.04,12.03,12.02,12.05,12.06,12.07,2600,5900,4700,700,3900,4600,12.04
622,924,BRANIMACNOR6BR00,ANIM3,1621355733211465,12.04,12.03,12.02,12.05,12.06,12.07,2600,5900,4700,700,3900,4600,12.04
623,924,BRANIMACNOR6BR00,ANIM3,1621355734242624,12.04,12.03,12.02,12.05,12.06,12.07,2400,5900,4700,500,3900,4600,12.04
624,924,BRANIMACNOR6BR00,ANIM3,1621355734242643,12.04,12.03,12.02,12.05,12.06,12.07,2400,5900,4700,500,3900,4600,12.04
625,924,BRANIMACNOR6BR00,ANIM3,1621355739195032,12.04,12.03,12.02,12.05,12.06,12.07,2400,5900,4700,700,3900,4600,12.04
626,924,BRANIMACNOR6BR00,ANIM3,1621355739196656,12.04,12.03,12.02,12.05,12.06,12.07,2400,5900,4700,800,3900,4600,12.04
627,924,BRANIMACNOR6BR00,ANIM3,1621355751306364,12.04,12.03,12.02,12.05,12.06,12.07,400,5200,5400,100,3900,4600,12.05
628,924,BRANIMACNOR6BR00,ANIM3,1621355751307932,12.04,12.03,12.02,12.05,12.06,12.07,400,5200,5400,900,4000,4600,12.05
629,924,BRANIMACNOR6BR00,ANIM3,1621355751327101,12.04,12.03,12.02,12.05,12.06,12.07,400,5200,5400,1000,4000,4600,12.05
630,924,BRANIMACNOR6BR00,ANIM3,1621355751328861,12.04,12.03,12.02,12.05,12.06,12.07,400,5200,5400,1100,3900,4600,12.05
631,924,BRANIMACNOR6BR00,ANIM3,1621355769131350,12.03,12.02,12.01,12.04,12.05,12.06,4300,5400,4900,300,1700,3900,12.04
632,924,BRANIMACNOR6BR00,ANIM3,1621355769131385,12.03,12.02,12.01,12.04,12.05,12.06,4300,5400,4900,300,1700,3900,12.04
633,924,BRANIMACNOR6BR00,ANIM3,1621355770145957,12.02,12.01,12.0,12.03,12.04,12.05,900,7900,3100,900,1800,2600,12.03
634,924,BRANIMACNOR6BR00,ANIM3,1621355770148280,12.02,12.01,12.0,12.03,12.04,12.05,500,6800,3100,1500,3200,1800,12.03
635,924,BRANIMACNOR6BR00,ANIM3,1621355790574318,12.01,12.0,11.99,12.02,12.03,12.04,3700,3800,5000,400,1300,3400,12.02
636,924,BRANIMACNOR6BR00,ANIM3,1621355790574338,12.01,12.0,11.99,12.02,12.03,12.04,3700,3800,5000,400,1300,3400,12.02
637,924,BRANIMACNOR6BR00,ANIM3,1621355887025681,12.0,11.99,11.98,12.01,12.02,12.03,2000,4200,5100,300,1500,3300,12.01
638,924,BRANIMACNOR6BR00,ANIM3,1621355887025725,12.0,11.99,11.98,12.01,12.02,12.03,2000,4200,5100,300,1500,3300,12.01
639,924,BRANIMACNOR6BR00,ANIM3,1621355887085233,12.0,11.99,11.98,12.02,12.03,12.04,4500,3200,5100,2700,2500,5800,12.01
640,924,BRANIMACNOR6BR00,ANIM3,1621355887085260,12.0,11.99,11.98,12.02,12.03,12.04,4500,3200,5100,2700,2500,5800,12.01
641,924,BRANIMACNOR6BR00,ANIM3,1621355889256629,12.0,11.99,11.98,12.01,12.02,12.03,5200,3900,5100,200,1600,3100,12.01
642,924,BRANIMACNOR6BR00,ANIM3,1621355889258875,12.0,11.99,11.98,12.01,12.02,12.03,5300,3900,5100,300,1900,3000,12.01
643,924,BRANIMACNOR6BR00,ANIM3,1621355890303600,12.0,11.99,11.98,12.01,12.02,12.03,5100,3900,5100,100,1900,3000,12.0
644,924,BRANIMACNOR6BR00,ANIM3,1621355890304840,12.0,11.99,11.98,12.02,12.03,12.04,5100,3900,5100,2100,3000,5800,12.0
645,924,BRANIMACNOR6BR00,ANIM3,1621355895037326,12.0,11.99,11.98,12.01,12.02,12.03,5600,3900,2000,200,1800,3000,12.0
646,924,BRANIMACNOR6BR00,ANIM3,1621355895038798,12.0,11.99,11.98,12.01,12.02,12.03,5600,3900,2000,300,2000,3000,12.0
647,924,BRANIMACNOR6BR00,ANIM3,1621355896037205,12.0,11.99,11.98,12.01,12.02,12.03,5400,3900,2000,100,2000,3000,12.0
648,924,BRANIMACNOR6BR00,ANIM3,1621355896038957,12.0,11.99,11.98,12.02,12.03,12.04,5400,3900,2000,2100,3000,5800,12.0
649,924,BRANIMACNOR6BR00,ANIM3,1621355901551987,12.0,11.99,11.98,12.01,12.02,12.03,5300,3900,2000,200,1800,3000,12.0
650,924,BRANIMACNOR6BR00,ANIM3,1621355901553509,12.0,11.99,11.98,12.01,12.02,12.03,5300,3900,2000,300,2000,3000,12.0
651,924,BRANIMACNOR6BR00,ANIM3,1621355902583445,12.0,11.99,11.98,12.01,12.02,12.03,5000,4000,2000,100,2000,3000,12.0
652,924,BRANIMACNOR6BR00,ANIM3,1621355902584965,12.0,11.99,11.98,12.02,12.03,12.04,5100,4000,2000,2100,3000,5800,12.0
653,924,BRANIMACNOR6BR00,ANIM3,1621355907551704,12.0,11.99,11.98,12.01,12.02,12.03,5000,4000,2000,200,1800,3000,12.0
654,924,BRANIMACNOR6BR00,ANIM3,1621355907553663,12.0,11.99,11.98,12.01,12.02,12.03,5000,4000,2000,300,2700,2300,12.0
655,924,BRANIMACNOR6BR00,ANIM3,1621355908491820,12.0,11.99,11.98,12.01,12.02,12.03,5400,4000,2000,100,2700,2300,12.0
656,924,BRANIMACNOR6BR00,ANIM3,1621355908493198,12.0,11.99,11.98,12.02,12.03,12.04,5400,4000,2000,2800,2300,5800,12.0
657,924,BRANIMACNOR6BR00,ANIM3,1621355913441612,12.0,11.99,11.98,12.01,12.02,12.03,5400,3900,2000,200,1800,3000,12.0
658,924,BRANIMACNOR6BR00,ANIM3,1621355913443050,12.0,11.99,11.98,12.01,12.02,12.03,5500,3900,2000,300,2700,2300,12.0
659,924,BRANIMACNOR6BR00,ANIM3,1621355914441505,12.0,11.99,11.98,12.01,12.02,12.03,5100,1700,4300,100,2700,2300,12.0
660,924,BRANIMACNOR6BR00,ANIM3,1621355914443010,12.0,11.99,11.98,12.02,12.03,12.04,5200,1700,4300,2800,2300,5800,12.0
661,924,BRANIMACNOR6BR00,ANIM3,1621355919362611,12.0,11.99,11.98,12.01,12.02,12.03,5100,1700,4300,200,1800,3000,12.0
662,924,BRANIMACNOR6BR00,ANIM3,1621355919364254,12.0,11.99,11.98,12.01,12.02,12.03,5100,1700,4300,300,2700,2300,12.0
663,924,BRANIMACNOR6BR00,ANIM3,1621355920378620,12.0,11.99,11.98,12.01,12.02,12.03,4900,1700,4300,100,2700,2300,12.0
664,924,BRANIMACNOR6BR00,ANIM3,1621355920380109,12.0,11.99,11.98,12.02,12.03,12.04,4900,1700,4300,2800,2300,5800,12.0
665,924,BRANIMACNOR6BR00,ANIM3,1621355925361972,12.0,11.99,11.98,12.01,12.02,12.03,4900,1700,4300,200,1700,3000,12.02
666,924,BRANIMACNOR6BR00,ANIM3,1621355925363439,12.0,11.99,11.98,12.01,12.02,12.03,4900,1700,4300,300,2300,2300,12.02
667,924,BRANIMACNOR6BR00,ANIM3,1621355926378537,12.0,11.99,11.98,12.01,12.02,12.03,4600,1800,4300,100,2300,2300,12.0
668,924,BRANIMACNOR6BR00,ANIM3,1621355926380825,12.0,11.99,11.98,12.02,12.03,12.04,4600,1800,4300,2400,2300,5800,12.0
669,924,BRANIMACNOR6BR00,ANIM3,1621355931236518,12.0,11.99,11.98,12.01,12.02,12.03,4700,1800,4300,200,1700,3000,12.0
670,924,BRANIMACNOR6BR00,ANIM3,1621355931236546,12.0,11.99,11.98,12.01,12.02,12.03,4700,1800,4300,200,1700,3000,12.0
671,924,BRANIMACNOR6BR00,ANIM3,1621355982390792,12.01,12.0,11.99,12.02,12.03,12.04,4400,4300,3500,300,2800,5800,12.02
672,924,BRANIMACNOR6BR00,ANIM3,1621355985418082,12.01,12.0,11.99,12.02,12.03,12.04,4400,4300,3500,500,2800,5800,12.02
673,924,BRANIMACNOR6BR00,ANIM3,1621355985419983,12.01,12.0,11.99,12.02,12.03,12.04,4400,4300,3500,600,2800,5800,12.02
674,924,BRANIMACNOR6BR00,ANIM3,1621355988011680,12.0,11.99,11.98,12.01,12.02,12.03,1000,4200,5100,300,2700,2300,12.01
675,924,BRANIMACNOR6BR00,ANIM3,1621355988013111,12.0,11.99,11.98,12.01,12.02,12.03,1000,4200,5100,800,2600,2300,12.01
676,924,BRANIMACNOR6BR00,ANIM3,1621355989002629,12.0,11.99,11.98,12.01,12.02,12.03,1400,4200,5100,100,2600,2300,12.01
677,924,BRANIMACNOR6BR00,ANIM3,1621355989004309,12.0,11.99,11.98,12.02,12.03,12.04,1400,4200,5100,2700,2300,5800,12.01
678,924,BRANIMACNOR6BR00,ANIM3,1621355991401846,12.0,11.99,11.98,12.01,12.02,12.03,1700,4300,5100,200,2000,2400,12.01
679,924,BRANIMACNOR6BR00,ANIM3,1621355991403214,12.0,11.99,11.98,12.01,12.02,12.03,1700,4300,5100,300,2600,2300,12.01
680,924,BRANIMACNOR6BR00,ANIM3,1621355992432894,12.0,11.99,11.98,12.01,12.02,12.03,4600,4300,5100,100,1900,2300,12.0
681,924,BRANIMACNOR6BR00,ANIM3,1621355992434306,12.0,11.99,11.98,12.02,12.03,12.04,4600,4300,5100,2000,3000,5800,12.0
682,924,BRANIMACNOR6BR00,ANIM3,1621355997346468,12.0,11.99,11.98,12.01,12.02,12.03,4500,4300,2000,200,2000,3000,12.0
683,924,BRANIMACNOR6BR00,ANIM3,1621355997348022,12.0,11.99,11.98,12.01,12.02,12.03,4500,2000,4300,300,2600,2300,12.0
684,924,BRANIMACNOR6BR00,ANIM3,1621355998354170,12.0,11.99,11.98,12.01,12.02,12.03,4900,1700,4300,100,2600,2300,12.0
685,924,BRANIMACNOR6BR00,ANIM3,1621355998355511,12.0,11.99,11.98,12.02,12.03,12.04,4900,1700,4300,2700,2300,5800,12.0
686,924,BRANIMACNOR6BR00,ANIM3,1621356003290712,12.0,11.99,11.98,12.01,12.02,12.03,4900,1800,4300,200,2000,2900,12.0
687,924,BRANIMACNOR6BR00,ANIM3,1621356003292717,12.0,11.99,11.98,12.01,12.02,12.03,4900,1800,4300,300,2600,2300,12.0
688,924,BRANIMACNOR6BR00,ANIM3,1621356004291995,12.0,11.99,11.98,12.01,12.02,12.03,4500,1200,5000,100,2600,2300,12.0
689,924,BRANIMACNOR6BR00,ANIM3,1621356004293544,12.0,11.99,11.98,12.02,12.03,12.04,4600,1200,5000,2700,2300,5900,12.0
690,924,BRANIMACNOR6BR00,ANIM3,1621356009415495,12.0,11.99,11.98,12.01,12.02,12.03,4900,1900,4300,200,2300,3000,12.02
691,924,BRANIMACNOR6BR00,ANIM3,1621356009417575,12.0,11.99,11.98,12.01,12.02,12.03,4600,1900,4300,300,2900,2300,12.02
692,924,BRANIMACNOR6BR00,ANIM3,1621356010204739,12.0,11.99,11.98,12.02,12.03,12.04,4500,1900,4300,2900,2300,5900,12.01
693,924,BRANIMACNOR6BR00,ANIM3,1621356010204959,12.0,11.99,11.98,12.02,12.03,12.04,4500,1900,4300,2900,2300,5900,12.01
694,1191,BRAZULACNPR4BR00,AZUL4,1621355733232684,39.91,39.9,39.89,39.93,39.94,39.95,800,1500,1800,300,200,1800,39.91
695,1191,BRAZULACNPR4BR00,AZUL4,1621355733232710,39.91,39.9,39.89,39.93,39.94,39.95,800,1500,1800,300,200,1800,39.91
696,1191,BRAZULACNPR4BR00,AZUL4,1621355733416016,39.91,39.9,39.89,39.93,39.94,39.95,800,1500,1800,300,200,1800,39.91
697,1191,BRAZULACNPR4BR00,AZUL4,1621355733416035,39.91,39.9,39.89,39.93,39.94,39.95,800,1500,1800,300,200,1800,39.91
698,1191,BRAZULACNPR4BR00,AZUL4,1621355733848350,39.91,39.9,39.89,39.93,39.94,39.95,800,1500,1800,300,300,1700,39.91
699,1191,BRAZULACNPR4BR00,AZUL4,1621355733849648,39.91,39.9,39.89,39.93,39.94,39.95,800,1500,1800,400,300,1700,39.91
700,1191,BRAZULACNPR4BR00,AZUL4,1621355748209028,39.92,39.91,39.9,39.94,39.95,39.96,900,500,2100,400,1300,3900,39.93
701,1191,BRAZULACNPR4BR00,AZUL4,1621355748209353,39.92,39.91,39.9,39.94,39.95,39.96,900,500,2100,400,1300,3900,39.93
702,1191,BRAZULACNPR4BR00,AZUL4,1621355748209690,39.92,39.91,39.9,39.94,39.95,39.96,900,500,2100,400,1300,3700,39.93
703,1191,BRAZULACNPR4BR00,AZUL4,1621355748211323,39.92,39.91,39.9,39.94,39.95,39.96,900,600,2100,300,1200,3700,39.93
704,1191,BRAZULACNPR4BR00,AZUL4,1621355759406239,39.92,39.91,39.9,39.94,39.95,39.96,600,1200,1700,1200,1100,3900,39.94
705,1191,BRAZULACNPR4BR00,AZUL4,1621355759407403,39.92,39.91,39.9,39.94,39.95,39.96,600,1200,1700,900,1100,3900,39.94
706,1191,BRAZULACNPR4BR00,AZUL4,1621355759408784,39.92,39.91,39.9,39.94,39.95,39.96,900,1600,1700,1000,1100,3900,39.94
707,1191,BRAZULACNPR4BR00,AZUL4,1621355761401132,39.93,39.92,39.91,39.95,39.96,39.97,300,400,1800,1100,1800,3100,39.95
708,1191,BRAZULACNPR4BR00,AZUL4,1621355761401159,39.93,39.92,39.91,39.95,39.96,39.97,300,400,1800,1100,1800,3100,39.95
709,1191,BRAZULACNPR4BR00,AZUL4,1621355761401479,39.93,39.92,39.91,39.95,39.96,39.97,300,400,1800,1100,1800,3100,39.95
710,1191,BRAZULACNPR4BR00,AZUL4,1621355761402046,39.93,39.92,39.91,39.95,39.96,39.97,300,400,1800,1100,1700,3100,39.95
711,1191,BRAZULACNPR4BR00,AZUL4,1621355761402067,39.93,39.92,39.91,39.95,39.96,39.97,300,400,1800,1100,1700,3100,39.95
712,1191,BRAZULACNPR4BR00,AZUL4,1621355761411243,39.93,39.92,39.91,39.95,39.96,39.97,300,400,1800,800,1700,3100,39.95
713,1191,BRAZULACNPR4BR00,AZUL4,1621355761411266,39.93,39.92,39.91,39.95,39.96,39.97,300,400,1800,800,1700,3100,39.95
714,1191,BRAZULACNPR4BR00,AZUL4,1621355761412045,39.93,39.92,39.91,39.95,39.96,39.97,300,400,1800,1100,1700,3100,39.95
715,1191,BRAZULACNPR4BR00,AZUL4,1621355761412065,39.93,39.92,39.91,39.95,39.96,39.97,300,400,1800,1100,1700,3100,39.95
716,1191,BRAZULACNPR4BR00,AZUL4,1621355761428346,39.93,39.92,39.91,39.95,39.96,39.97,900,400,1800,1100,1700,3100,39.95
717,1191,BRAZULACNPR4BR00,AZUL4,1621355761428364,39.93,39.92,39.91,39.95,39.96,39.97,900,400,1800,1100,1700,3100,39.95
718,1191,BRAZULACNPR4BR00,AZUL4,1621355761684110,39.93,39.92,39.91,39.95,39.96,39.97,900,400,1800,1100,1700,3100,39.95
719,1191,BRAZULACNPR4BR00,AZUL4,1621355761685664,39.93,39.92,39.91,39.95,39.96,39.97,900,400,1800,1200,1700,3100,39.95
720,1191,BRAZULACNPR4BR00,AZUL4,1621355766563805,39.93,39.92,39.91,39.94,39.95,39.96,800,400,1800,300,1300,1700,39.93
721,1191,BRAZULACNPR4BR00,AZUL4,1621355766565677,39.93,39.92,39.91,39.94,39.95,39.96,800,400,1800,400,1200,1700,39.93
722,1191,BRAZULACNPR4BR00,AZUL4,1621355772524762,39.92,39.91,39.9,39.93,39.94,39.95,200,1200,2700,9300,500,1200,39.93
723,1191,BRAZULACNPR4BR00,AZUL4,1621355772526420,39.92,39.91,39.9,39.93,39.94,39.95,200,400,1100,9400,600,1200,39.93
724,1191,BRAZULACNPR4BR00,AZUL4,1621355780996269,39.91,39.9,39.89,39.92,39.93,39.94,300,500,1800,300,9500,1000,39.9
725,1191,BRAZULACNPR4BR00,AZUL4,1621355780997831,39.91,39.9,39.89,39.92,39.93,39.94,300,500,1800,400,9400,1000,39.9
726,1191,BRAZULACNPR4BR00,AZUL4,1621355788496318,39.91,39.9,39.89,39.93,39.94,39.95,500,1000,2500,9800,1300,1300,39.92
727,1191,BRAZULACNPR4BR00,AZUL4,1621355788496743,39.91,39.9,39.89,39.93,39.94,39.95,500,1000,2500,9800,1300,1300,39.92
728,1430,BRB3SAACNOR6BR00,B3SA3,1621355733152071,17.42,17.41,17.4,17.43,17.44,17.45,18800,18300,72700,34700,19100,46800,17.43
729,1430,BRB3SAACNOR6BR00,B3SA3,1621355733152093,17.42,17.41,17.4,17.43,17.44,17.45,18800,18300,72700,34700,19100,46800,17.43
730,1430,BRB3SAACNOR6BR00,B3SA3,1621355733153860,17.42,17.41,17.4,17.43,17.44,17.45,18800,18300,72700,34700,21300,46800,17.43
731,1430,BRB3SAACNOR6BR00,B3SA3,1621355733153878,17.42,17.41,17.4,17.43,17.44,17.45,18800,18300,72700,34700,21300,46800,17.43
732,1430,BRB3SAACNOR6BR00,B3SA3,1621355733330562,17.42,17.41,17.4,17.43,17.44,17.45,12500,18300,72700,34700,21300,46800,17.43
733,1430,BRB3SAACNOR6BR00,B3SA3,1621355733330583,17.42,17.41,17.4,17.43,17.44,17.45,12500,18300,72700,34700,21300,46800,17.43
734,1430,BRB3SAACNOR6BR00,B3SA3,1621355733331609,17.42,17.41,17.4,17.43,17.44,17.45,12500,18300,72700,34700,21300,49200,17.43
735,1430,BRB3SAACNOR6BR00,B3SA3,1621355733331629,17.42,17.41,17.4,17.43,17.44,17.45,12500,18300,72700,34700,21300,49200,17.43
736,1430,BRB3SAACNOR6BR00,B3SA3,1621355733434211,17.42,17.41,17.4,17.43,17.44,17.45,12500,24600,72700,34700,21300,49200,17.43
737,1430,BRB3SAACNOR6BR00,B3SA3,1621355733434231,17.42,17.41,17.4,17.43,17.44,17.45,12500,24600,72700,34700,21300,49200,17.43
738,1430,BRB3SAACNOR6BR00,B3SA3,1621355733634775,17.42,17.41,17.4,17.43,17.44,17.45,12500,24600,72700,34800,21300,49200,17.43
739,1430,BRB3SAACNOR6BR00,B3SA3,1621355733634809,17.42,17.41,17.4,17.43,17.44,17.45,12500,24600,72700,34800,21300,49200,17.43
740,1430,BRB3SAACNOR6BR00,B3SA3,1621355734136908,17.42,17.41,17.4,17.43,17.44,17.45,12500,24600,72700,34700,21300,49200,17.43
741,1430,BRB3SAACNOR6BR00,B3SA3,1621355734136939,17.42,17.41,17.4,17.43,17.44,17.45,12500,24600,72700,34700,21300,49200,17.43
742,1430,BRB3SAACNOR6BR00,B3SA3,1621355734413319,17.42,17.41,17.4,17.43,17.44,17.45,12400,24600,72700,34700,21300,49200,17.42
743,1430,BRB3SAACNOR6BR00,B3SA3,1621355734413338,17.42,17.41,17.4,17.43,17.44,17.45,12400,24600,72700,34700,21300,49200,17.42
744,1430,BRB3SAACNOR6BR00,B3SA3,1621355734460361,17.42,17.41,17.4,17.43,17.44,17.45,12400,24600,72700,34600,21300,49200,17.43
745,1430,BRB3SAACNOR6BR00,B3SA3,1621355734460389,17.42,17.41,17.4,17.43,17.44,17.45,12400,24600,72700,34600,21300,49200,17.43
746,1430,BRB3SAACNOR6BR00,B3SA3,1621355735025798,17.42,17.41,17.4,17.43,17.44,17.45,12900,24600,72700,34600,21300,49200,17.43
747,1430,BRB3SAACNOR6BR00,B3SA3,1621355735025825,17.42,17.41,17.4,17.43,17.44,17.45,12900,24600,72700,34600,21300,49200,17.43
748,1430,BRB3SAACNOR6BR00,B3SA3,1621355735885194,17.42,17.41,17.4,17.43,17.44,17.45,11800,24600,72700,34600,21300,49200,17.43
749,1430,BRB3SAACNOR6BR00,B3SA3,1621355735885245,17.42,17.41,17.4,17.43,17.44,17.45,11800,24600,72700,34600,21300,49200,17.43
750,1430,BRB3SAACNOR6BR00,B3SA3,1621355735886345,17.42,17.41,17.4,17.43,17.44,17.45,11800,24600,72700,34600,21300,53400,17.43
751,1430,BRB3SAACNOR6BR00,B3SA3,1621355735886369,17.42,17.41,17.4,17.43,17.44,17.45,11800,24600,72700,34600,21300,53400,17.43
752,1430,BRB3SAACNOR6BR00,B3SA3,1621355735886391,17.42,17.41,17.4,17.43,17.44,17.45,11800,24600,72700,34600,24100,50600,17.43
753,1430,BRB3SAACNOR6BR00,B3SA3,1621355735886431,17.42,17.41,17.4,17.43,17.44,17.45,11800,24600,72700,34600,27100,50600,17.43
754,1430,BRB3SAACNOR6BR00,B3SA3,1621355735887498,17.42,17.41,17.4,17.43,17.44,17.45,11800,24600,72700,35700,27100,50600,17.43
755,1430,BRB3SAACNOR6BR00,B3SA3,1621355735887554,17.42,17.41,17.4,17.43,17.44,17.45,11800,24600,72700,35700,27100,50600,17.43
756,1430,BRB3SAACNOR6BR00,B3SA3,1621355735888436,17.42,17.41,17.4,17.43,17.44,17.45,11800,24600,72700,42000,27100,50600,17.43
757,1430,BRB3SAACNOR6BR00,B3SA3,1621355735893272,17.42,17.41,17.4,17.43,17.44,17.45,11900,24600,72700,42000,27100,50600,17.43
758,1430,BRB3SAACNOR6BR00,B3SA3,1621355762073091,17.42,17.41,17.4,17.43,17.44,17.45,8300,18100,69700,5900,24400,45400,17.43
759,1430,BRB3SAACNOR6BR00,B3SA3,1621355762073127,17.42,17.41,17.4,17.43,17.44,17.45,2600,18100,69700,8800,24400,45400,17.42
760,1430,BRB3SAACNOR6BR00,B3SA3,1621355762074704,17.42,17.41,17.4,17.43,17.44,17.45,1500,15500,69700,8800,24400,45400,17.42
761,1430,BRB3SAACNOR6BR00,B3SA3,1621355764029282,17.41,17.4,17.39,17.43,17.44,17.45,21600,72300,45100,28100,32300,42100,17.42
762,1430,BRB3SAACNOR6BR00,B3SA3,1621355764029552,17.41,17.4,17.39,17.43,17.44,17.45,21600,72300,45100,27400,32300,42100,17.42
763,1430,BRB3SAACNOR6BR00,B3SA3,1621355764030059,17.41,17.4,17.39,17.43,17.44,17.45,21500,72300,45100,27400,32300,42100,17.42
764,1430,BRB3SAACNOR6BR00,B3SA3,1621355764031414,17.41,17.4,17.39,17.43,17.44,17.45,12500,72100,45100,27400,32300,42100,17.42
765,1430,BRB3SAACNOR6BR00,B3SA3,1621355764054629,17.42,17.41,17.4,17.43,17.44,17.45,800,12500,72700,27400,32300,42100,17.42
766,1430,BRB3SAACNOR6BR00,B3SA3,1621355764056012,17.42,17.41,17.4,17.43,17.44,17.45,900,12400,79000,27400,32300,42100,17.42
767,1430,BRB3SAACNOR6BR00,B3SA3,1621355767650253,17.42,17.41,17.4,17.43,17.44,17.45,200,21700,72400,19100,25000,49100,17.42
768,1430,BRB3SAACNOR6BR00,B3SA3,1621355767651012,17.42,17.41,17.4,17.43,17.44,17.45,200,21700,72400,19100,27600,46300,17.42
769,1430,BRB3SAACNOR6BR00,B3SA3,1621355767651049,17.42,17.41,17.4,17.43,17.44,17.45,200,21700,72400,19100,27600,46300,17.42
770,1430,BRB3SAACNOR6BR00,B3SA3,1621355767651063,17.42,17.41,17.4,17.43,17.44,17.45,200,21700,72400,27200,27600,46300,17.42
771,1430,BRB3SAACNOR6BR00,B3SA3,1621355767651087,17.42,17.41,17.4,17.43,17.44,17.45,200,21700,72400,27200,27600,46300,17.42
772,1430,BRB3SAACNOR6BR00,B3SA3,1621355767651121,17.42,17.41,17.4,17.43,17.44,17.45,200,21700,72400,27200,30300,46300,17.42
773,1430,BRB3SAACNOR6BR00,B3SA3,1621355767651139,17.42,17.41,17.4,17.43,17.44,17.45,200,21700,72400,28300,30300,46300,17.42
774,1430,BRB3SAACNOR6BR00,B3SA3,1621355767652039,17.42,17.41,17.4,17.43,17.44,17.45,200,21500,72400,28300,30300,46300,17.42
775,1430,BRB3SAACNOR6BR00,B3SA3,1621355767652058,17.42,17.41,17.4,17.43,17.44,17.45,200,21500,72400,28300,30300,46300,17.42
776,1430,BRB3SAACNOR6BR00,B3SA3,1621355767652905,17.42,17.41,17.4,17.43,17.44,17.45,200,21500,72400,34600,30300,46300,17.42
777,1430,BRB3SAACNOR6BR00,B3SA3,1621355767652923,17.42,17.41,17.4,17.43,17.44,17.45,200,21500,72400,34600,30300,46300,17.42
778,1430,BRB3SAACNOR6BR00,B3SA3,1621355768038999,17.42,17.41,17.4,17.43,17.44,17.45,200,21500,72400,34800,30300,46300,17.42
779,1430,BRB3SAACNOR6BR00,B3SA3,1621355768040413,17.42,17.41,17.4,17.43,17.44,17.45,300,21500,69700,34800,30300,46300,17.42
780,1430,BRB3SAACNOR6BR00,B3SA3,1621355770108285,17.42,17.41,17.4,17.43,17.44,17.45,100,22900,69700,34900,32800,42100,17.42
781,1430,BRB3SAACNOR6BR00,B3SA3,1621355770108543,17.42,17.41,17.4,17.43,17.44,17.45,100,22900,69700,34600,32800,42100,17.42
782,1430,BRB3SAACNOR6BR00,B3SA3,1621355770109318,17.42,17.41,17.4,17.43,17.44,17.45,100,22300,69700,34600,32800,42100,17.42
783,1430,BRB3SAACNOR6BR00,B3SA3,1621355770110606,17.42,17.41,17.4,17.43,17.44,17.45,200,22300,69700,34600,32800,42100,17.42
784,1430,BRB3SAACNOR6BR00,B3SA3,1621355773892912,17.42,17.41,17.4,17.43,17.44,17.45,1100,23200,32600,30000,32700,46300,17.43
785,1430,BRB3SAACNOR6BR00,B3SA3,1621355773893838,17.42,17.41,17.4,17.43,17.44,17.45,900,23200,32600,29900,32700,46300,17.42
786,1430,BRB3SAACNOR6BR00,B3SA3,1621355773896321,17.42,17.41,17.4,17.43,17.44,17.45,1000,23200,32600,29900,32700,46300,17.42
787,1430,BRB3SAACNOR6BR00,B3SA3,1621355790008281,17.42,17.41,17.4,17.43,17.44,17.45,3700,26800,32500,30500,21900,47300,17.42
788,1430,BRB3SAACNOR6BR00,B3SA3,1621355790165215,17.42,17.41,17.4,17.43,17.44,17.45,3700,22600,32500,30500,21900,47300,17.42
789,1430,BRB3SAACNOR6BR00,B3SA3,1621355790166669,17.42,17.41,17.4,17.43,17.44,17.45,2600,22600,32500,30500,21900,47300,17.42
790,1430,BRB3SAACNOR6BR00,B3SA3,1621355813179933,17.42,17.41,17.4,17.43,17.44,17.45,5700,20700,32500,34200,27800,45100,17.42
791,1430,BRB3SAACNOR6BR00,B3SA3,1621355813194097,17.42,17.41,17.4,17.43,17.44,17.45,5700,20700,32500,34100,27800,45100,17.43
792,1430,BRB3SAACNOR6BR00,B3SA3,1621355813195578,17.42,17.41,17.4,17.43,17.44,17.45,5800,20700,32500,34100,27800,45100,17.43
793,1430,BRB3SAACNOR6BR00,B3SA3,1621355850509513,17.42,17.41,17.4,17.43,17.44,17.45,7400,19700,36800,28800,21900,48000,17.42
794,1430,BRB3SAACNOR6BR00,B3SA3,1621355850510299,17.42,17.41,17.4,17.43,17.44,17.45,6300,19700,36800,28800,21900,48000,17.42
795,1430,BRB3SAACNOR6BR00,B3SA3,1621355850511878,17.42,17.41,17.4,17.43,17.44,17.45,6400,19700,36800,29900,25700,45300,17.42
796,1430,BRB3SAACNOR6BR00,B3SA3,1621355880444006,17.42,17.41,17.4,17.43,17.44,17.45,7800,22100,35900,30400,30400,47100,17.42
797,1430,BRB3SAACNOR6BR00,B3SA3,1621355880691225,17.42,17.41,17.4,17.43,17.44,17.45,7700,22100,35900,30400,30400,47100,17.42
798,1430,BRB3SAACNOR6BR00,B3SA3,1621355880692733,17.42,17.41,17.4,17.43,17.44,17.45,7800,22100,35900,30400,30400,47100,17.42
799,1430,BRB3SAACNOR6BR00,B3SA3,1621355920924772,17.42,17.41,17.4,17.43,17.44,17.45,10000,19300,35500,39900,25700,42500,17.42
800,1430,BRB3SAACNOR6BR00,B3SA3,1621355920925290,17.42,17.41,17.4,17.43,17.44,17.45,10000,19300,32900,39900,25700,42500,17.42
801,1430,BRB3SAACNOR6BR00,B3SA3,1621355920926542,17.42,17.41,17.4,17.43,17.44,17.45,10100,10800,32900,39900,26400,42500,17.42
802,1430,BRB3SAACNOR6BR00,B3SA3,1621355945007881,17.42,17.41,17.4,17.43,17.44,17.45,1100,28900,33700,11100,21100,41800,17.42
803,1430,BRB3SAACNOR6BR00,B3SA3,1621355945008093,17.42,17.41,17.4,17.43,17.44,17.45,1100,28900,33700,13100,21100,41800,17.42
804,1430,BRB3SAACNOR6BR00,B3SA3,1621355945009680,17.42,17.41,17.4,17.43,17.44,17.45,100,25700,33700,14200,21100,42100,17.42
805,1430,BRB3SAACNOR6BR00,B3SA3,1621355945010062,17.42,17.41,17.4,17.43,17.44,17.45,100,25700,36100,14200,21100,42100,17.42
806,1430,BRB3SAACNOR6BR00,B3SA3,1621355945011471,17.41,17.4,17.39,17.43,17.44,17.45,25800,36700,45200,20500,23900,39300,17.42
807,1430,BRB3SAACNOR6BR00,B3SA3,1621355945489070,17.42,17.41,17.4,17.43,17.44,17.45,800,26400,36700,26500,23900,41300,17.42
808,1430,BRB3SAACNOR6BR00,B3SA3,1621355945489098,17.42,17.41,17.4,17.43,17.44,17.45,800,26400,36700,26500,23900,41300,17.42
809,1430,BRB3SAACNOR6BR00,B3SA3,1621355979695723,17.41,17.4,17.39,17.42,17.43,17.44,1400,34500,44800,56700,29500,31200,17.41
810,1430,BRB3SAACNOR6BR00,B3SA3,1621355979696034,17.41,17.4,17.39,17.42,17.43,17.44,1400,34500,42000,56700,29500,31200,17.41
811,1430,BRB3SAACNOR6BR00,B3SA3,1621355979697392,17.41,17.4,17.39,17.42,17.43,17.44,1500,34500,42000,56700,29500,31200,17.41
812,1430,BRB3SAACNOR6BR00,B3SA3,1621355982471150,17.41,17.4,17.39,17.42,17.43,17.44,100,34500,44600,55300,29500,31200,17.41
813,1430,BRB3SAACNOR6BR00,B3SA3,1621355982471452,17.41,17.4,17.39,17.42,17.43,17.44,100,34500,44600,55300,29500,31200,17.41
814,1430,BRB3SAACNOR6BR00,B3SA3,1621355982471863,17.41,17.4,17.39,17.42,17.43,17.44,100,34400,44600,55300,29500,31200,17.41
815,1430,BRB3SAACNOR6BR00,B3SA3,1621355982473215,17.41,17.4,17.39,17.42,17.43,17.44,200,33800,44600,55300,29500,31200,17.41
816,1430,BRB3SAACNOR6BR00,B3SA3,1621355985219815,17.41,17.4,17.39,17.42,17.43,17.44,1100,31000,44700,48600,29600,31200,17.41
817,1430,BRB3SAACNOR6BR00,B3SA3,1621355985247803,17.41,17.4,17.39,17.42,17.43,17.44,1100,31000,44700,54900,29600,31200,17.41
818,1430,BRB3SAACNOR6BR00,B3SA3,1621355985249354,17.41,17.4,17.39,17.42,17.43,17.44,1200,31000,44700,54900,29600,31200,17.41
819,1430,BRB3SAACNOR6BR00,B3SA3,1621355988715543,17.4,17.39,17.38,17.41,17.42,17.43,31100,42100,164400,1200,54500,29600,17.41
820,1430,BRB3SAACNOR6BR00,B3SA3,1621355988716250,17.4,17.39,17.38,17.41,17.42,17.43,31100,42100,164400,1200,54500,29600,17.41
821,1430,BRB3SAACNOR6BR00,B3SA3,1621355988716793,17.4,17.39,17.38,17.41,17.42,17.43,31100,39600,164400,1200,54500,29600,17.41
822,1430,BRB3SAACNOR6BR00,B3SA3,1621355988723542,17.4,17.39,17.38,17.41,17.42,17.43,30600,40200,166900,1500,54300,29600,17.41
823,1430,BRB3SAACNOR6BR00,B3SA3,1621356034339433,17.4,17.39,17.38,17.41,17.42,17.43,6700,48800,165600,8600,51300,27100,17.4
824,1430,BRB3SAACNOR6BR00,B3SA3,1621356034339847,17.4,17.39,17.38,17.41,17.42,17.43,6700,48800,165600,8000,51300,27100,17.4
825,1430,BRB3SAACNOR6BR00,B3SA3,1621356034341320,17.4,17.39,17.38,17.41,17.42,17.43,6800,48800,165600,15400,51300,29500,17.4
826,1430,BRB3SAACNOR6BR00,B3SA3,1621356053550263,17.41,17.4,17.39,17.42,17.43,17.44,12600,9100,48500,54800,28400,30800,17.41
827,1430,BRB3SAACNOR6BR00,B3SA3,1621356053553532,17.41,17.4,17.39,17.42,17.43,17.44,12800,11700,50500,48500,23600,33500,17.41
828,1430,BRB3SAACNOR6BR00,B3SA3,1621356060063579,17.41,17.4,17.39,17.42,17.43,17.44,13500,20300,41300,50300,23900,33600,17.41
829,1430,BRB3SAACNOR6BR00,B3SA3,1621356060942138,17.41,17.4,17.39,17.42,17.43,17.44,13500,20300,41300,50300,23900,31100,17.41
830,1430,BRB3SAACNOR6BR00,B3SA3,1621356060944163,17.41,17.4,17.39,17.42,17.43,17.44,13600,16000,41300,50300,23900,31100,17.41
831,1430,BRB3SAACNOR6BR00,B3SA3,1621356075905088,17.4,17.39,17.38,17.42,17.43,17.44,9800,41000,23500,57700,29500,35500,17.41
832,1430,BRB3SAACNOR6BR00,B3SA3,1621356075905236,17.4,17.39,17.38,17.42,17.43,17.44,9800,41000,23500,57700,29500,35500,17.41
833,1430,BRB3SAACNOR6BR00,B3SA3,1621356075905950,17.4,17.39,17.38,17.42,17.43,17.44,6100,41000,23500,57700,29500,35500,17.41
834,1430,BRB3SAACNOR6BR00,B3SA3,1621356075907942,17.4,17.39,17.38,17.41,17.42,17.43,5800,41000,23500,900,60400,29000,17.41
835,1430,BRB3SAACNOR6BR00,B3SA3,1621356081750988,17.4,17.39,17.38,17.41,17.42,17.43,6400,39900,22000,9200,54000,31500,17.4
836,1430,BRB3SAACNOR6BR00,B3SA3,1621356081751311,17.4,17.39,17.38,17.41,17.42,17.43,5300,39900,22000,9200,54000,31500,17.4
837,1430,BRB3SAACNOR6BR00,B3SA3,1621356081752769,17.4,17.39,17.38,17.41,17.42,17.43,5500,39900,22000,9200,54000,31500,17.4
838,1430,BRB3SAACNOR6BR00,B3SA3,1621356099635720,17.4,17.39,17.38,17.41,17.42,17.43,8700,41600,22000,19400,54100,27700,17.4
839,1430,BRB3SAACNOR6BR00,B3SA3,1621356099697936,17.4,17.39,17.38,17.41,17.42,17.43,8600,41600,22000,19400,54100,27700,17.4
840,1430,BRB3SAACNOR6BR00,B3SA3,1621356099699378,17.4,17.39,17.38,17.41,17.42,17.43,8700,41600,22000,19400,54100,27700,17.4
841,1430,BRB3SAACNOR6BR00,B3SA3,1621356104999717,17.4,17.39,17.38,17.41,17.42,17.43,2700,40000,22200,21100,59700,27200,17.4
842,1430,BRB3SAACNOR6BR00,B3SA3,1621356105042429,17.4,17.39,17.38,17.41,17.42,17.43,2600,40000,22200,21100,59700,27200,17.4
843,1430,BRB3SAACNOR6BR00,B3SA3,1621356105043798,17.4,17.39,17.38,17.41,17.42,17.43,2700,40000,22200,21100,59700,27200,17.4
844,1430,BRB3SAACNOR6BR00,B3SA3,1621356107432165,17.4,17.39,17.38,17.41,17.42,17.43,1400,40000,22700,21500,59000,27200,17.4
845,1430,BRB3SAACNOR6BR00,B3SA3,1621356107935570,17.4,17.39,17.38,17.41,17.42,17.43,1000,40000,22700,21500,59000,27200,17.4
846,1430,BRB3SAACNOR6BR00,B3SA3,1621356107937133,17.4,17.39,17.38,17.41,17.42,17.43,1500,40000,22700,21500,59000,27200,17.4
847,1430,BRB3SAACNOR6BR00,B3SA3,1621356114859235,17.4,17.39,17.38,17.41,17.42,17.43,1300,43000,22700,12300,53400,29900,17.4
