,MappingNumber,EsteeID,Ticker, CurrTimeInMicroSeconds, BP1, BP2, BP3, AP1, AP2, AP3, BQ1, BQ2, BQ3, AQ1, AQ2, AQ3, LTP
0,129,BRAALRACNOR6BR00,AALR3,1620318943282106,8.95,8.94,8.93,8.96,8.97,8.98,900,4800,1200,3200,1900,1700,8.95
1,129,BRAALRACNOR6BR00,AALR3,1620318943283437,8.95,8.94,8.93,8.96,8.97,8.98,1000,4200,1200,3200,1900,1700,8.95
2,129,BRAALRACNOR6BR00,AALR3,1620318943284733,8.95,8.94,8.93,8.96,8.97,8.98,100,4200,1200,3200,1900,1700,8.95
3,129,BRAALRACNOR6BR00,AALR3,1620318943285970,8.94,8.93,8.92,8.96,8.97,8.98,4300,1200,1600,3200,1900,1700,8.95
4,129,BRAALRACNOR6BR00,AALR3,1620318943286737,8.95,8.94,8.93,8.96,8.97,8.98,300,4300,1200,3200,1900,1700,8.95
5,129,BRAALRACNOR6BR00,AALR3,1620318943287846,8.95,8.94,8.93,8.96,8.97,8.98,100,4200,1200,3200,2000,1600,8.95
6,129,BRAALRACNOR6BR00,AALR3,1620318943288016,8.95,8.94,8.93,8.96,8.97,8.98,100,4200,1200,3200,1900,1600,8.95
7,129,BRAALRACNOR6BR00,AALR3,1620318943289052,8.94,8.93,8.92,8.96,8.97,8.98,4300,1200,1600,3200,1900,1600,8.95
8,129,BRAALRACNOR6BR00,AALR3,1620318944055726,8.95,8.94,8.93,8.96,8.97,8.98,300,4300,1200,3200,2000,1600,8.95
9,129,BRAALRACNOR6BR00,AALR3,1620318944057084,8.95,8.94,8.93,8.96,8.97,8.98,100,4200,1200,3200,1900,1600,8.95
10,129,BRAALRACNOR6BR00,AALR3,1620318944057702,8.95,8.94,8.93,8.96,8.97,8.98,100,4500,1200,3200,1900,1600,8.95
11,129,BRAALRACNOR6BR00,AALR3,1620318944058943,8.94,8.93,8.92,8.96,8.97,8.98,4600,1200,1600,3200,1900,1700,8.95
12,129,BRAALRACNOR6BR00,AALR3,1620318946029467,8.94,8.93,8.92,8.96,8.97,8.98,4400,1200,1600,3200,2000,1600,8.95
13,129,BRAALRACNOR6BR00,AALR3,1620318946029487,8.94,8.93,8.92,8.96,8.97,8.98,4400,1200,1600,3200,2000,1600,8.95
14,129,BRAALRACNOR6BR00,AALR3,1620318948091278,8.94,8.93,8.92,8.96,8.97,8.98,4400,1200,1600,3200,2000,1600,8.95
15,129,BRAALRACNOR6BR00,AALR3,1620318953099128,8.94,8.93,8.92,8.96,8.97,8.98,4300,1200,1600,3200,2000,1600,8.95
16,129,BRAALRACNOR6BR00,AALR3,1620318973707381,8.94,8.93,8.92,8.96,8.97,8.98,4600,1200,1600,3200,2000,1600,8.95
17,129,BRAALRACNOR6BR00,AALR3,1620318973708584,8.94,8.93,8.92,8.96,8.97,8.98,4400,1200,1600,3200,2000,1600,8.95
18,129,BRAALRACNOR6BR00,AALR3,1620319052904142,8.95,8.94,8.93,8.96,8.97,8.98,600,4600,1200,2700,2000,1600,8.96
19,129,BRAALRACNOR6BR00,AALR3,1620319052904170,8.95,8.94,8.93,8.96,8.97,8.98,600,4600,1200,2700,2000,1600,8.96
20,129,BRAALRACNOR6BR00,AALR3,1620319053612897,8.96,8.95,8.94,8.97,8.98,8.99,600,1600,5300,1400,1700,2100,8.96
21,129,BRAALRACNOR6BR00,AALR3,1620319053612922,8.96,8.95,8.94,8.97,8.98,8.99,600,1600,5300,1400,1700,2100,8.96
22,129,BRAALRACNOR6BR00,AALR3,1620319053613908,8.95,8.94,8.93,8.97,8.98,8.99,2200,5300,1200,1400,1600,2100,8.96
23,129,BRAALRACNOR6BR00,AALR3,1620319053613945,8.95,8.94,8.93,8.97,8.98,8.99,2200,5300,1200,1400,1600,2100,8.96
24,129,BRAALRACNOR6BR00,AALR3,1620319053614077,8.96,8.95,8.94,8.97,8.98,8.99,300,2200,5300,1400,1600,2100,8.96
25,129,BRAALRACNOR6BR00,AALR3,1620319053614119,8.96,8.95,8.94,8.97,8.98,8.99,300,2200,5300,1400,1600,2100,8.96
26,129,BRAALRACNOR6BR00,AALR3,1620319053617530,8.95,8.94,8.93,8.97,8.98,8.99,1600,5300,1700,1400,1700,2100,8.96
27,129,BRAALRACNOR6BR00,AALR3,1620319053617556,8.95,8.94,8.93,8.97,8.98,8.99,1600,5300,1700,1400,1700,2100,8.96
28,129,BRAALRACNOR6BR00,AALR3,1620319142571989,8.95,8.94,8.93,8.97,8.98,8.99,2200,4800,1200,2000,1700,2100,8.95
29,129,BRAALRACNOR6BR00,AALR3,1620319142573149,8.96,8.95,8.94,8.97,8.98,8.99,100,2200,4700,2000,1700,2100,8.95
30,129,BRAALRACNOR6BR00,AALR3,1620319160335432,8.96,8.95,8.94,8.97,8.98,8.99,300,1900,4700,1500,1700,2100,8.96
31,129,BRAALRACNOR6BR00,AALR3,1620319160335964,8.96,8.95,8.94,8.97,8.98,8.99,300,1300,4700,1500,1700,2100,8.96
32,129,BRAALRACNOR6BR00,AALR3,1620319160337098,8.96,8.95,8.94,8.97,8.98,8.99,400,1300,4700,1500,1700,2100,8.96
33,129,BRAALRACNOR6BR00,AALR3,1620319190351252,8.95,8.94,8.93,8.96,8.97,8.98,1400,4700,1200,200,2000,1700,8.96
34,129,BRAALRACNOR6BR00,AALR3,1620319190351453,8.95,8.94,8.93,8.96,8.97,8.98,1400,4700,1200,200,2000,1700,8.96
35,129,BRAALRACNOR6BR00,AALR3,1620319190353823,8.95,8.94,8.93,8.96,8.97,8.98,1400,4700,1200,200,2000,1700,8.96
36,129,BRAALRACNOR6BR00,AALR3,1620319190355057,8.95,8.94,8.93,8.96,8.97,8.98,1500,4700,1200,200,2000,1700,8.96
37,129,BRAALRACNOR6BR00,AALR3,1620319190355518,8.95,8.94,8.93,8.97,8.98,8.99,1500,4700,1200,1500,1700,2100,8.96
38,129,BRAALRACNOR6BR00,AALR3,1620319190356692,8.96,8.95,8.94,8.97,8.98,8.99,100,1300,4700,1500,1700,2100,8.95
39,129,BRAALRACNOR6BR00,AALR3,1620319190356976,8.95,8.94,8.93,8.96,8.97,8.98,1300,4700,1200,200,2000,1700,8.96
40,129,BRAALRACNOR6BR00,AALR3,1620319190357087,8.95,8.94,8.93,8.96,8.97,8.98,1300,4700,1200,200,2000,1700,8.96
41,129,BRAALRACNOR6BR00,AALR3,1620319190358756,8.95,8.94,8.93,8.96,8.97,8.98,1300,4700,1200,200,2000,1700,8.96
42,129,BRAALRACNOR6BR00,AALR3,1620319190359772,8.95,8.94,8.93,8.96,8.97,8.98,1400,4700,1200,200,2000,1700,8.96
43,129,BRAALRACNOR6BR00,AALR3,1620319190360304,8.95,8.94,8.93,8.97,8.98,8.99,1400,4700,1200,2000,1700,2100,8.96
44,129,BRAALRACNOR6BR00,AALR3,1620319190361294,8.96,8.95,8.94,8.97,8.98,8.99,100,1300,4700,1500,1700,2100,8.96
45,129,BRAALRACNOR6BR00,AALR3,1620319190362702,8.95,8.94,8.93,8.96,8.97,8.98,1300,4700,1200,300,2000,1700,8.96
46,129,BRAALRACNOR6BR00,AALR3,1620319190362812,8.95,8.94,8.93,8.96,8.97,8.98,1300,4700,1200,300,2000,1700,8.96
47,129,BRAALRACNOR6BR00,AALR3,1620319190364329,8.95,8.94,8.93,8.96,8.97,8.98,1300,4700,1200,300,2000,1700,8.96
48,129,BRAALRACNOR6BR00,AALR3,1620319190365368,8.95,8.94,8.93,8.96,8.97,8.98,1400,4700,1200,300,2000,1700,8.96
49,129,BRAALRACNOR6BR00,AALR3,1620319209872470,8.95,8.94,8.93,8.97,8.98,8.99,2200,4700,1700,1900,1700,2100,8.96
50,129,BRAALRACNOR6BR00,AALR3,1620319209873748,8.96,8.95,8.94,8.97,8.98,8.99,100,2100,4700,1900,1700,2100,8.96
51,129,BRAALRACNOR6BR00,AALR3,1620319283663836,8.96,8.95,8.94,8.97,8.98,8.99,1000,2500,4100,1600,1600,2200,8.96
52,129,BRAALRACNOR6BR00,AALR3,1620319283664377,8.96,8.95,8.94,8.97,8.98,8.99,1000,1900,4100,1600,1600,2200,8.96
53,129,BRAALRACNOR6BR00,AALR3,1620319283665486,8.96,8.95,8.94,8.97,8.98,8.99,1100,1900,4100,1600,1600,2200,8.96
54,129,BRAALRACNOR6BR00,AALR3,1620319423022336,8.96,8.95,8.94,8.97,8.98,8.99,1600,1900,4100,1600,1600,2200,8.96
55,129,BRAALRACNOR6BR00,AALR3,1620319423024711,8.96,8.95,8.94,8.97,8.98,8.99,1600,1900,4100,1600,1600,2200,8.96
56,129,BRAALRACNOR6BR00,AALR3,1620319423024879,8.96,8.95,8.94,8.97,8.98,8.99,1600,1900,4100,1600,1600,2200,8.96
57,129,BRAALRACNOR6BR00,AALR3,1620319423026095,8.96,8.95,8.94,8.97,8.98,8.99,1500,1900,4100,1500,1600,2200,8.97
58,129,BRAALRACNOR6BR00,AALR3,1620319423027560,8.96,8.95,8.94,8.97,8.98,8.99,1500,1900,4100,1500,1600,2200,8.97
59,129,BRAALRACNOR6BR00,AALR3,1620319423027778,8.96,8.95,8.94,8.97,8.98,8.99,1500,1900,4100,1500,1600,2200,8.97
60,129,BRAALRACNOR6BR00,AALR3,1620319423028053,8.96,8.95,8.94,8.97,8.98,8.99,1500,1900,4100,1400,1600,2200,8.97
61,129,BRAALRACNOR6BR00,AALR3,1620319423029771,8.96,8.95,8.94,8.97,8.98,8.99,1500,1900,4100,1300,1600,2200,8.97
62,129,BRAALRACNOR6BR00,AALR3,1620319423030096,8.96,8.95,8.94,8.97,8.98,8.99,1500,1900,4100,1300,1600,2200,8.97
63,129,BRAALRACNOR6BR00,AALR3,1620319423041588,8.96,8.95,8.94,8.97,8.98,8.99,1500,1900,4100,700,1600,2200,8.97
64,129,BRAALRACNOR6BR00,AALR3,1620319423041620,8.96,8.95,8.94,8.97,8.98,8.99,1500,1900,4100,700,1600,2200,8.97
65,129,BRAALRACNOR6BR00,AALR3,1620319423042584,8.96,8.95,8.94,8.97,8.98,8.99,1500,1900,4100,1000,1600,2200,8.97
66,129,BRAALRACNOR6BR00,AALR3,1620319423042617,8.96,8.95,8.94,8.97,8.98,8.99,1500,1900,4100,1000,1600,2200,8.97
67,129,BRAALRACNOR6BR00,AALR3,1620319423044208,8.96,8.95,8.94,8.97,8.98,8.99,1400,1900,4100,1000,1600,2200,8.96
68,129,BRAALRACNOR6BR00,AALR3,1620319423044232,8.96,8.95,8.94,8.97,8.98,8.99,1400,1900,4100,1000,1600,2200,8.96
69,129,BRAALRACNOR6BR00,AALR3,1620319423049484,8.96,8.95,8.94,8.97,8.98,8.99,1400,1900,4100,1000,1600,2200,8.96
70,129,BRAALRACNOR6BR00,AALR3,1620319423049511,8.96,8.95,8.94,8.97,8.98,8.99,1400,1900,4100,1000,1600,2200,8.96
71,129,BRAALRACNOR6BR00,AALR3,1620319423052925,8.96,8.95,8.94,8.97,8.98,8.99,1400,1900,4100,1300,1600,2200,8.96
72,129,BRAALRACNOR6BR00,AALR3,1620319423052951,8.96,8.95,8.94,8.97,8.98,8.99,1400,1900,4100,1300,1600,2200,8.96
73,129,BRAALRACNOR6BR00,AALR3,1620319424439300,8.96,8.95,8.94,8.97,8.98,8.99,1400,1900,4100,1000,1600,2200,8.96
74,129,BRAALRACNOR6BR00,AALR3,1620319424440496,8.96,8.95,8.94,8.97,8.98,8.99,1500,1900,4100,1000,1600,2200,8.96
75,129,BRAALRACNOR6BR00,AALR3,1620319453577087,8.97,8.96,8.95,8.98,8.99,9.0,500,1300,1900,1600,2200,3600,8.97
76,129,BRAALRACNOR6BR00,AALR3,1620319453578403,8.97,8.96,8.95,8.98,8.99,9.0,600,1200,1900,2000,2200,3600,8.97
77,129,BRAALRACNOR6BR00,AALR3,1620319453579088,8.97,8.96,8.95,8.98,8.99,9.0,100,900,1900,2000,2200,3600,8.97
78,129,BRAALRACNOR6BR00,AALR3,1620319453579321,8.96,8.95,8.94,8.97,8.98,8.99,900,1900,4100,200,2000,2100,8.97
79,129,BRAALRACNOR6BR00,AALR3,1620319453579607,8.96,8.95,8.94,8.97,8.98,8.99,800,1900,4100,200,2000,2100,8.96
80,129,BRAALRACNOR6BR00,AALR3,1620319453580765,8.96,8.95,8.94,8.97,8.98,8.99,900,1300,4100,1000,2000,2100,8.96
81,129,BRAALRACNOR6BR00,AALR3,1620319453615378,8.95,8.94,8.93,8.97,8.98,8.99,800,4100,1000,1000,2000,2200,8.95
82,129,BRAALRACNOR6BR00,AALR3,1620319453615576,8.95,8.94,8.93,8.97,8.98,8.99,800,4100,1000,1000,2000,2200,8.95
83,129,BRAALRACNOR6BR00,AALR3,1620319453616334,8.95,8.94,8.93,8.96,8.97,8.98,800,4100,1000,500,1000,2000,8.95
84,129,BRAALRACNOR6BR00,AALR3,1620319453617410,8.95,8.94,8.93,8.96,8.97,8.98,900,4100,1000,500,1000,2100,8.95
85,129,BRAALRACNOR6BR00,AALR3,1620319511878692,8.95,8.94,8.93,8.97,8.98,8.99,2400,4100,1000,1300,2100,2100,8.96
86,129,BRAALRACNOR6BR00,AALR3,1620319511879960,8.96,8.95,8.94,8.97,8.98,8.99,100,2300,4100,1300,2100,2100,8.96
87,129,BRAALRACNOR6BR00,AALR3,1620319511880981,8.95,8.94,8.93,8.97,8.98,8.99,2300,4100,1000,1300,2100,2100,8.96
88,129,BRAALRACNOR6BR00,AALR3,1620319511888108,8.95,8.94,8.93,8.97,8.98,8.99,2200,4100,1000,1300,2100,2100,8.95
89,129,BRAALRACNOR6BR00,AALR3,1620319511889246,8.96,8.95,8.94,8.97,8.98,8.99,100,2200,4100,1300,2100,2100,8.95
90,129,BRAALRACNOR6BR00,AALR3,1620319511890140,8.95,8.94,8.93,8.97,8.98,8.99,2200,4100,1000,1300,2100,2100,8.96
91,129,BRAALRACNOR6BR00,AALR3,1620319514987178,8.95,8.94,8.93,8.96,8.97,8.98,2200,4100,1000,500,1300,2100,8.96
92,129,BRAALRACNOR6BR00,AALR3,1620319514988565,8.95,8.94,8.93,8.96,8.97,8.98,2300,4100,1000,800,1300,2100,8.96
93,129,BRAALRACNOR6BR00,AALR3,1620319519062931,8.95,8.94,8.93,8.97,8.98,8.99,2300,4100,1000,1300,2100,2100,8.96
94,129,BRAALRACNOR6BR00,AALR3,1620319519064166,8.96,8.95,8.94,8.97,8.98,8.99,100,2200,4100,1000,2100,2100,8.96
95,129,BRAALRACNOR6BR00,AALR3,1620319519065401,8.95,8.94,8.93,8.97,8.98,8.99,2200,4100,1000,1000,2100,2100,8.96
96,129,BRAALRACNOR6BR00,AALR3,1620319519066168,8.95,8.94,8.93,8.97,8.98,8.99,2200,4100,1000,1300,2100,2100,8.96
97,129,BRAALRACNOR6BR00,AALR3,1620319519067236,8.96,8.95,8.94,8.97,8.98,8.99,100,2200,4100,1300,2100,2100,8.96
98,129,BRAALRACNOR6BR00,AALR3,1620319522093281,8.95,8.94,8.93,8.97,8.98,8.99,2200,4100,1000,1900,2100,2100,8.96
99,139,BRABEVACNOR1BR00,ABEV3,1620318933130623,16.2,16.19,16.18,16.21,16.22,16.23,32700,60500,42000,18400,22800,21600,16.21
100,139,BRABEVACNOR1BR00,ABEV3,1620318933130663,16.2,16.19,16.18,16.21,16.22,16.23,32700,60500,42000,18400,22800,21600,16.21
101,139,BRABEVACNOR1BR00,ABEV3,1620318933432246,16.2,16.19,16.18,16.21,16.22,16.23,32700,60500,42000,17900,22800,21600,16.21
102,139,BRABEVACNOR1BR00,ABEV3,1620318933432264,16.2,16.19,16.18,16.21,16.22,16.23,32700,60500,42000,17900,22800,21600,16.21
103,139,BRABEVACNOR1BR00,ABEV3,1620318933434743,16.2,16.19,16.18,16.21,16.22,16.23,31900,60500,42000,17500,22800,21600,16.21
104,139,BRABEVACNOR1BR00,ABEV3,1620318933434760,16.2,16.19,16.18,16.21,16.22,16.23,31900,60500,42000,17500,22800,21600,16.21
105,139,BRABEVACNOR1BR00,ABEV3,1620318933438529,16.2,16.19,16.18,16.21,16.22,16.23,32700,60500,42000,17500,22800,21600,16.21
106,139,BRABEVACNOR1BR00,ABEV3,1620318933438546,16.2,16.19,16.18,16.21,16.22,16.23,32700,60500,42000,17500,22800,21600,16.21
107,139,BRABEVACNOR1BR00,ABEV3,1620318933441930,16.2,16.19,16.18,16.21,16.22,16.23,32700,60500,42000,6400,22800,21600,16.21
108,139,BRABEVACNOR1BR00,ABEV3,1620318933441948,16.2,16.19,16.18,16.21,16.22,16.23,32700,60500,42000,6400,22800,21600,16.21
109,139,BRABEVACNOR1BR00,ABEV3,1620318933443131,16.2,16.19,16.18,16.21,16.22,16.23,32700,60500,42000,6000,22800,21600,16.21
110,139,BRABEVACNOR1BR00,ABEV3,1620318933443149,16.2,16.19,16.18,16.21,16.22,16.23,32700,60500,42000,6000,22800,21600,16.21
111,139,BRABEVACNOR1BR00,ABEV3,1620318933445395,16.2,16.19,16.18,16.21,16.22,16.23,32700,64300,41100,6000,22800,21600,16.21
112,139,BRABEVACNOR1BR00,ABEV3,1620318933445412,16.2,16.19,16.18,16.21,16.22,16.23,32700,64300,41100,6000,22800,21600,16.21
113,139,BRABEVACNOR1BR00,ABEV3,1620318933464310,16.2,16.19,16.18,16.21,16.22,16.23,32700,64300,41100,10900,22800,21600,16.21
114,139,BRABEVACNOR1BR00,ABEV3,1620318933464331,16.2,16.19,16.18,16.21,16.22,16.23,32700,64300,41100,10900,22800,21600,16.21
115,139,BRABEVACNOR1BR00,ABEV3,1620318933584640,16.2,16.19,16.18,16.21,16.22,16.23,32700,64300,31100,900,22800,21600,16.21
116,139,BRABEVACNOR1BR00,ABEV3,1620318933584671,16.2,16.19,16.18,16.21,16.22,16.23,32700,64300,31100,900,22800,21600,16.21
117,139,BRABEVACNOR1BR00,ABEV3,1620318933585666,16.2,16.19,16.18,16.21,16.22,16.23,33900,64300,31100,900,22800,21600,16.21
118,139,BRABEVACNOR1BR00,ABEV3,1620318933585684,16.2,16.19,16.18,16.21,16.22,16.23,33900,64300,31100,900,22800,21600,16.21
119,139,BRABEVACNOR1BR00,ABEV3,1620318933589094,16.2,16.19,16.18,16.21,16.22,16.23,33900,64300,31100,1100,22800,21600,16.21
120,139,BRABEVACNOR1BR00,ABEV3,1620318933589114,16.2,16.19,16.18,16.21,16.22,16.23,33900,64300,31100,1100,22800,21600,16.21
121,139,BRABEVACNOR1BR00,ABEV3,1620318933689928,16.2,16.19,16.18,16.21,16.22,16.23,33900,64300,31100,1100,22800,22100,16.21
122,139,BRABEVACNOR1BR00,ABEV3,1620318933689946,16.2,16.19,16.18,16.21,16.22,16.23,33900,64300,31100,1100,22800,22100,16.21
123,139,BRABEVACNOR1BR00,ABEV3,1620318933695115,16.2,16.19,16.18,16.21,16.22,16.23,33800,64300,31100,1100,22800,22100,16.2
124,139,BRABEVACNOR1BR00,ABEV3,1620318933695132,16.2,16.19,16.18,16.21,16.22,16.23,33800,64300,31100,1100,22800,22100,16.2
125,139,BRABEVACNOR1BR00,ABEV3,1620318933710976,16.2,16.19,16.18,16.21,16.22,16.23,33800,64300,31100,1200,22800,22100,16.2
126,139,BRABEVACNOR1BR00,ABEV3,1620318933710995,16.2,16.19,16.18,16.21,16.22,16.23,33800,64300,31100,1200,22800,22100,16.2
127,139,BRABEVACNOR1BR00,ABEV3,1620318933711584,16.2,16.19,16.18,16.21,16.22,16.23,32600,64300,31100,1200,22800,22100,16.2
128,139,BRABEVACNOR1BR00,ABEV3,1620318933711601,16.2,16.19,16.18,16.21,16.22,16.23,32600,64300,31100,1200,22800,22100,16.2
129,139,BRABEVACNOR1BR00,ABEV3,1620318934445655,16.2,16.19,16.18,16.21,16.22,16.23,32600,64300,31100,1200,22900,22100,16.2
130,139,BRABEVACNOR1BR00,ABEV3,1620318934445684,16.2,16.19,16.18,16.21,16.22,16.23,32600,64300,31100,1200,22900,22100,16.2
131,139,BRABEVACNOR1BR00,ABEV3,1620318934448510,16.2,16.19,16.18,16.21,16.22,16.23,30600,64300,31100,1200,22900,22100,16.2
132,139,BRABEVACNOR1BR00,ABEV3,1620318934448537,16.2,16.19,16.18,16.21,16.22,16.23,30600,64300,31100,1200,22900,22100,16.2
133,139,BRABEVACNOR1BR00,ABEV3,1620318934451569,16.2,16.19,16.18,16.21,16.22,16.23,31100,64300,31100,1200,22900,22100,16.2
134,139,BRABEVACNOR1BR00,ABEV3,1620318934451587,16.2,16.19,16.18,16.21,16.22,16.23,31100,64300,31100,1200,22900,22100,16.2
135,139,BRABEVACNOR1BR00,ABEV3,1620318934471127,16.2,16.19,16.18,16.21,16.22,16.23,31400,64300,31100,1200,22900,22100,16.2
136,139,BRABEVACNOR1BR00,ABEV3,1620318934471146,16.2,16.19,16.18,16.21,16.22,16.23,31400,64300,31100,1200,22900,22100,16.2
137,139,BRABEVACNOR1BR00,ABEV3,1620318934551767,16.2,16.19,16.18,16.21,16.22,16.23,31400,64300,31100,800,22900,22100,16.21
138,139,BRABEVACNOR1BR00,ABEV3,1620318934551790,16.2,16.19,16.18,16.21,16.22,16.23,31400,64300,31100,800,22900,22100,16.21
139,139,BRABEVACNOR1BR00,ABEV3,1620318934789266,16.2,16.19,16.18,16.21,16.22,16.23,31400,64300,31100,600,22900,22100,16.21
140,139,BRABEVACNOR1BR00,ABEV3,1620318934789285,16.2,16.19,16.18,16.21,16.22,16.23,31400,64300,31100,600,22900,22100,16.21
141,139,BRABEVACNOR1BR00,ABEV3,1620318934855636,16.2,16.19,16.18,16.21,16.22,16.23,31400,64300,31100,700,22900,22100,16.21
142,139,BRABEVACNOR1BR00,ABEV3,1620318934856741,16.2,16.19,16.18,16.21,16.22,16.23,31400,64300,31100,800,22900,22100,16.21
143,139,BRABEVACNOR1BR00,ABEV3,1620318939295677,16.2,16.19,16.18,16.22,16.23,16.24,29900,64300,31100,22900,22100,41600,16.21
144,139,BRABEVACNOR1BR00,ABEV3,1620318939295870,16.2,16.19,16.18,16.22,16.23,16.24,29900,64300,31100,22900,22100,41600,16.21
145,139,BRABEVACNOR1BR00,ABEV3,1620318939296361,16.2,16.19,16.18,16.22,16.23,16.24,29900,60500,31100,22900,22100,41600,16.21
146,139,BRABEVACNOR1BR00,ABEV3,1620318939297531,16.2,16.19,16.18,16.22,16.23,16.24,29900,60500,29100,23000,21500,41600,16.21
147,139,BRABEVACNOR1BR00,ABEV3,1620318941754062,16.2,16.19,16.18,16.21,16.22,16.23,7500,60500,29100,7600,28000,21600,16.2
148,139,BRABEVACNOR1BR00,ABEV3,1620318941759124,16.2,16.19,16.18,16.21,16.22,16.23,11000,60500,29100,9000,27900,22200,16.2
149,139,BRABEVACNOR1BR00,ABEV3,1620318941762671,16.2,16.19,16.18,16.21,16.22,16.23,17400,60500,33000,100,27900,22200,16.21
150,139,BRABEVACNOR1BR00,ABEV3,1620318941762708,16.2,16.19,16.18,16.21,16.22,16.23,17400,60500,33000,100,27900,22200,16.21
151,139,BRABEVACNOR1BR00,ABEV3,1620318941767232,16.2,16.19,16.18,16.22,16.23,16.24,17700,60500,35700,23000,22200,25500,16.21
152,139,BRABEVACNOR1BR00,ABEV3,1620318941767283,16.2,16.19,16.18,16.22,16.23,16.24,17700,64400,31800,23000,22200,25500,16.21
153,139,BRABEVACNOR1BR00,ABEV3,1620318941767304,16.2,16.19,16.18,16.22,16.23,16.24,17700,64400,31800,23000,22200,25500,16.21
154,139,BRABEVACNOR1BR00,ABEV3,1620318941768187,16.2,16.19,16.18,16.22,16.23,16.24,17700,64400,31800,23000,21600,25500,16.21
155,139,BRABEVACNOR1BR00,ABEV3,1620318941768211,16.2,16.19,16.18,16.22,16.23,16.24,17700,64400,31800,23000,21600,25500,16.21
156,139,BRABEVACNOR1BR00,ABEV3,1620318941768239,16.2,16.19,16.18,16.22,16.23,16.24,33200,64400,31800,23000,21600,25500,16.21
157,139,BRABEVACNOR1BR00,ABEV3,1620318941768257,16.2,16.19,16.18,16.22,16.23,16.24,33200,64400,31800,23000,21600,25500,16.21
158,139,BRABEVACNOR1BR00,ABEV3,1620318941768384,16.2,16.19,16.18,16.22,16.23,16.24,33200,64400,31800,23100,21600,25500,16.21
159,139,BRABEVACNOR1BR00,ABEV3,1620318941768401,16.2,16.19,16.18,16.22,16.23,16.24,33200,64400,31800,23100,21600,25500,16.21
160,139,BRABEVACNOR1BR00,ABEV3,1620318941776228,16.2,16.19,16.18,16.22,16.23,16.24,33400,64400,31800,23100,21600,25500,16.21
161,139,BRABEVACNOR1BR00,ABEV3,1620318941776248,16.2,16.19,16.18,16.22,16.23,16.24,33400,64400,31800,23100,21600,25500,16.21
162,139,BRABEVACNOR1BR00,ABEV3,1620318941782712,16.2,16.19,16.18,16.22,16.23,16.24,34800,64400,31800,23100,21600,25500,16.21
163,139,BRABEVACNOR1BR00,ABEV3,1620318941782735,16.2,16.19,16.18,16.22,16.23,16.24,34800,64400,31800,23100,21600,25500,16.21
164,139,BRABEVACNOR1BR00,ABEV3,1620318941832956,16.2,16.19,16.18,16.22,16.23,16.24,29900,64400,31800,23100,21600,25500,16.2
165,139,BRABEVACNOR1BR00,ABEV3,1620318941832978,16.2,16.19,16.18,16.22,16.23,16.24,29900,64400,31800,23100,21600,25500,16.2
166,139,BRABEVACNOR1BR00,ABEV3,1620318941835423,16.2,16.19,16.18,16.22,16.23,16.24,30200,64400,31800,23100,21600,25500,16.2
167,139,BRABEVACNOR1BR00,ABEV3,1620318941835444,16.2,16.19,16.18,16.22,16.23,16.24,30200,64400,31800,23100,21600,25500,16.2
168,139,BRABEVACNOR1BR00,ABEV3,1620318941851051,16.2,16.19,16.18,16.22,16.23,16.24,30200,64400,31800,23100,21600,25500,16.2
169,139,BRABEVACNOR1BR00,ABEV3,1620318941851072,16.2,16.19,16.18,16.22,16.23,16.24,30200,64400,31800,23100,21600,25500,16.2
170,139,BRABEVACNOR1BR00,ABEV3,1620318941890618,16.2,16.19,16.18,16.22,16.23,16.24,27300,64400,31800,23100,21600,25500,16.2
171,139,BRABEVACNOR1BR00,ABEV3,1620318941890639,16.2,16.19,16.18,16.22,16.23,16.24,27300,64400,31800,23100,21600,25500,16.2
172,139,BRABEVACNOR1BR00,ABEV3,1620318941891300,16.2,16.19,16.18,16.22,16.23,16.24,27300,60500,31800,23100,21600,25500,16.2
173,139,BRABEVACNOR1BR00,ABEV3,1620318941891318,16.2,16.19,16.18,16.22,16.23,16.24,27300,60500,31800,23100,21600,25500,16.2
174,139,BRABEVACNOR1BR00,ABEV3,1620318941891563,16.2,16.19,16.18,16.22,16.23,16.24,29900,60500,31800,23100,21600,25500,16.2
175,139,BRABEVACNOR1BR00,ABEV3,1620318941891578,16.2,16.19,16.18,16.22,16.23,16.24,29900,60500,31800,23100,21600,25500,16.2
176,139,BRABEVACNOR1BR00,ABEV3,1620318941892077,16.2,16.19,16.18,16.21,16.22,16.23,29900,60500,31800,100,23100,21600,16.2
177,139,BRABEVACNOR1BR00,ABEV3,1620318941892096,16.2,16.19,16.18,16.21,16.22,16.23,29900,60500,31800,100,23100,21600,16.2
178,139,BRABEVACNOR1BR00,ABEV3,1620318941892424,16.2,16.19,16.18,16.21,16.22,16.23,29900,60500,35700,100,23100,21600,16.2
179,139,BRABEVACNOR1BR00,ABEV3,1620318941892442,16.2,16.19,16.18,16.21,16.22,16.23,29900,60500,35700,100,23100,21600,16.2
180,139,BRABEVACNOR1BR00,ABEV3,1620318941892934,16.2,16.19,16.18,16.21,16.22,16.23,29900,60500,35700,100,23100,22200,16.2
181,139,BRABEVACNOR1BR00,ABEV3,1620318941892952,16.2,16.19,16.18,16.21,16.22,16.23,29900,60500,35700,100,23100,22200,16.2
182,139,BRABEVACNOR1BR00,ABEV3,1620318941897120,16.2,16.19,16.18,16.21,16.22,16.23,31100,60500,35700,100,23100,22200,16.2
183,139,BRABEVACNOR1BR00,ABEV3,1620318941897139,16.2,16.19,16.18,16.21,16.22,16.23,31100,60500,35700,100,23100,22200,16.2
184,139,BRABEVACNOR1BR00,ABEV3,1620318941921797,16.21,16.2,16.19,16.22,16.23,16.24,5200,31100,60500,23100,22200,25500,16.21
185,139,BRABEVACNOR1BR00,ABEV3,1620318941921823,16.21,16.2,16.19,16.22,16.23,16.24,5200,31100,60500,23100,22200,25500,16.21
186,139,BRABEVACNOR1BR00,ABEV3,1620318941922465,16.21,16.2,16.19,16.22,16.23,16.24,5200,31100,60500,23100,21600,25500,16.21
187,139,BRABEVACNOR1BR00,ABEV3,1620318941922496,16.21,16.2,16.19,16.22,16.23,16.24,5200,31100,60500,23100,21600,25500,16.21
188,139,BRABEVACNOR1BR00,ABEV3,1620318941922522,16.21,16.2,16.19,16.22,16.23,16.24,5200,29900,60500,23100,21600,25500,16.21
189,139,BRABEVACNOR1BR00,ABEV3,1620318941922542,16.21,16.2,16.19,16.22,16.23,16.24,5200,29900,60500,23100,21600,25500,16.21
190,139,BRABEVACNOR1BR00,ABEV3,1620318941922725,16.21,16.2,16.19,16.22,16.23,16.24,5200,29900,64400,23100,21600,25500,16.21
191,139,BRABEVACNOR1BR00,ABEV3,1620318941922745,16.21,16.2,16.19,16.22,16.23,16.24,5200,29900,64400,23100,21600,25500,16.21
192,139,BRABEVACNOR1BR00,ABEV3,1620318941922825,16.21,16.2,16.19,16.22,16.23,16.24,5200,29900,65600,23100,21600,25500,16.21
193,139,BRABEVACNOR1BR00,ABEV3,1620318941922843,16.21,16.2,16.19,16.22,16.23,16.24,5200,29900,65600,23100,21600,25500,16.21
194,139,BRABEVACNOR1BR00,ABEV3,1620318941923228,16.21,16.2,16.19,16.22,16.23,16.24,5200,29900,65600,23000,21600,25500,16.21
195,139,BRABEVACNOR1BR00,ABEV3,1620318941923246,16.21,16.2,16.19,16.22,16.23,16.24,5200,29900,65600,23000,21600,25500,16.21
196,139,BRABEVACNOR1BR00,ABEV3,1620318941925010,16.21,16.2,16.19,16.22,16.23,16.24,300,29900,65600,23000,21600,25500,16.21
197,139,BRABEVACNOR1BR00,ABEV3,1620318941925032,16.21,16.2,16.19,16.22,16.23,16.24,300,29900,65600,23000,21600,25500,16.21
198,139,BRABEVACNOR1BR00,ABEV3,1620318941948417,16.2,16.19,16.18,16.21,16.22,16.23,29900,65600,31800,4600,23000,21600,16.21
199,139,BRABEVACNOR1BR00,ABEV3,1620318941948441,16.2,16.19,16.18,16.21,16.22,16.23,29900,65600,31800,4600,23000,21600,16.21
200,139,BRABEVACNOR1BR00,ABEV3,1620318941949068,16.2,16.19,16.18,16.21,16.22,16.23,29900,61700,31800,4600,23000,21600,16.21
201,139,BRABEVACNOR1BR00,ABEV3,1620318941949085,16.2,16.19,16.18,16.21,16.22,16.23,29900,61700,31800,4600,23000,21600,16.21
202,139,BRABEVACNOR1BR00,ABEV3,1620318941949338,16.2,16.19,16.18,16.21,16.22,16.23,29900,61700,31800,4600,23000,22200,16.21
203,139,BRABEVACNOR1BR00,ABEV3,1620318941949357,16.2,16.19,16.18,16.21,16.22,16.23,29900,61700,31800,4600,23000,22200,16.21
204,139,BRABEVACNOR1BR00,ABEV3,1620318941956206,16.2,16.19,16.18,16.21,16.22,16.23,31100,61700,31800,4600,23000,22200,16.21
205,139,BRABEVACNOR1BR00,ABEV3,1620318941957464,16.2,16.19,16.18,16.21,16.22,16.23,31100,61700,31800,4700,23000,22200,16.21
206,139,BRABEVACNOR1BR00,ABEV3,1620318941972544,16.2,16.19,16.18,16.21,16.22,16.23,31100,61700,31800,100,23000,22200,16.21
207,139,BRABEVACNOR1BR00,ABEV3,1620318941973629,16.2,16.19,16.18,16.22,16.23,16.24,31100,61700,31800,23100,22200,25500,16.21
208,139,BRABEVACNOR1BR00,ABEV3,1620318942413337,16.2,16.19,16.18,16.21,16.22,16.23,31100,61700,31800,300,28000,21600,16.2
209,139,BRABEVACNOR1BR00,ABEV3,1620318942413361,16.2,16.19,16.18,16.21,16.22,16.23,31100,61700,31800,300,28000,21600,16.2
210,139,BRABEVACNOR1BR00,ABEV3,1620318946178037,16.2,16.19,16.18,16.21,16.22,16.23,28200,61700,30200,6300,22900,22100,16.21
211,139,BRABEVACNOR1BR00,ABEV3,1620318946178057,16.2,16.19,16.18,16.21,16.22,16.23,28200,61700,30200,6300,22900,22100,16.21
212,139,BRABEVACNOR1BR00,ABEV3,1620318946589503,16.2,16.19,16.18,16.21,16.22,16.23,28200,61700,30200,6200,22900,22100,16.21
213,139,BRABEVACNOR1BR00,ABEV3,1620318946590445,16.2,16.19,16.18,16.21,16.22,16.23,28200,61700,30200,6200,22800,22100,16.21
214,139,BRABEVACNOR1BR00,ABEV3,1620318972843481,16.2,16.19,16.18,16.21,16.22,16.23,34500,64200,35800,3000,26100,22100,16.21
215,139,BRABEVACNOR1BR00,ABEV3,1620318972843499,16.2,16.19,16.18,16.21,16.22,16.23,34500,64200,35800,3000,26100,22100,16.21
216,139,BRABEVACNOR1BR00,ABEV3,1620318973383810,16.2,16.19,16.18,16.21,16.22,16.23,34500,64200,35800,3500,25600,22100,16.21
217,139,BRABEVACNOR1BR00,ABEV3,1620318973383840,16.2,16.19,16.18,16.21,16.22,16.23,34500,64200,35800,3500,25600,22100,16.21
218,139,BRABEVACNOR1BR00,ABEV3,1620318973625635,16.2,16.19,16.18,16.21,16.22,16.23,34500,64200,35800,4300,25600,22100,16.21
219,139,BRABEVACNOR1BR00,ABEV3,1620318973626828,16.2,16.19,16.18,16.21,16.22,16.23,34500,64200,35800,4400,25600,22100,16.21
220,139,BRABEVACNOR1BR00,ABEV3,1620318984282652,16.2,16.19,16.18,16.21,16.22,16.23,106100,67500,35800,4200,25800,22100,16.2
221,139,BRABEVACNOR1BR00,ABEV3,1620318984282685,16.2,16.19,16.18,16.21,16.22,16.23,106100,67500,35800,500,25800,22100,16.21
222,139,BRABEVACNOR1BR00,ABEV3,1620318984283961,16.2,16.19,16.18,16.21,16.22,16.23,106100,67500,35800,600,25800,22100,16.21
223,139,BRABEVACNOR1BR00,ABEV3,1620318984614491,16.21,16.2,16.19,16.22,16.23,16.24,400,105300,67500,25800,22100,41800,16.21
224,139,BRABEVACNOR1BR00,ABEV3,1620318984614664,16.21,16.2,16.19,16.22,16.23,16.24,400,105300,67500,25800,22100,41800,16.21
225,139,BRABEVACNOR1BR00,ABEV3,1620318984615270,16.21,16.2,16.19,16.22,16.23,16.24,400,105300,67500,25800,21500,41800,16.21
226,139,BRABEVACNOR1BR00,ABEV3,1620318984616461,16.21,16.2,16.19,16.22,16.23,16.24,500,109800,64000,25800,21500,41800,16.21
227,139,BRABEVACNOR1BR00,ABEV3,1620319070254087,16.21,16.2,16.19,16.22,16.23,16.24,31100,98800,68800,31700,21900,22400,16.22
228,139,BRABEVACNOR1BR00,ABEV3,1620319070254138,16.21,16.2,16.19,16.22,16.23,16.24,31100,98800,68800,26700,21900,22400,16.22
229,139,BRABEVACNOR1BR00,ABEV3,1620319070255310,16.21,16.2,16.19,16.22,16.23,16.24,31100,98800,68800,19200,21900,22400,16.22
230,139,BRABEVACNOR1BR00,ABEV3,1620319112217931,16.21,16.2,16.19,16.22,16.23,16.24,29100,22400,78000,26700,21900,22500,16.22
231,139,BRABEVACNOR1BR00,ABEV3,1620319112678549,16.21,16.2,16.19,16.22,16.23,16.24,29000,22400,78000,26700,21900,22500,16.22
232,139,BRABEVACNOR1BR00,ABEV3,1620319112679876,16.21,16.2,16.19,16.22,16.23,16.24,29000,22400,78000,26800,21900,22500,16.22
233,139,BRABEVACNOR1BR00,ABEV3,1620319144856021,16.2,16.19,16.18,16.21,16.22,16.23,53700,75400,52100,1200,30400,22500,16.22
234,139,BRABEVACNOR1BR00,ABEV3,1620319144857418,16.2,16.19,16.18,16.21,16.22,16.23,41500,75800,52100,1300,30300,22500,16.22
235,139,BRABEVACNOR1BR00,ABEV3,1620319147974449,16.2,16.19,16.18,16.21,16.22,16.23,42800,79500,35900,2000,30000,21900,16.21
236,139,BRABEVACNOR1BR00,ABEV3,1620319148247409,16.2,16.19,16.18,16.21,16.22,16.23,42800,79500,37900,2000,30000,21900,16.21
237,139,BRABEVACNOR1BR00,ABEV3,1620319148248566,16.2,16.19,16.18,16.21,16.22,16.23,42800,79500,37900,2100,30000,21900,16.21
238,139,BRABEVACNOR1BR00,ABEV3,1620319154265202,16.2,16.19,16.18,16.21,16.22,16.23,51500,65800,49600,16200,27000,21800,16.21
239,139,BRABEVACNOR1BR00,ABEV3,1620319154265229,16.2,16.19,16.18,16.21,16.22,16.23,51500,65800,49600,14200,27000,21800,16.21
240,139,BRABEVACNOR1BR00,ABEV3,1620319154265261,16.2,16.19,16.18,16.21,16.22,16.23,51500,65800,49600,14200,27000,21800,16.21
241,139,BRABEVACNOR1BR00,ABEV3,1620319154266090,16.2,16.19,16.18,16.21,16.22,16.23,51500,65800,49600,6600,27000,21800,16.21
242,139,BRABEVACNOR1BR00,ABEV3,1620319154266121,16.2,16.19,16.18,16.21,16.22,16.23,51500,65800,49600,6600,27000,21800,16.21
243,139,BRABEVACNOR1BR00,ABEV3,1620319154266146,16.2,16.19,16.18,16.21,16.22,16.23,51500,69700,47900,6600,27000,21800,16.21
244,139,BRABEVACNOR1BR00,ABEV3,1620319154266165,16.2,16.19,16.18,16.21,16.22,16.23,51500,69700,47900,6600,27000,21800,16.21
245,139,BRABEVACNOR1BR00,ABEV3,1620319154635108,16.2,16.19,16.18,16.21,16.22,16.23,51500,69700,47900,14200,27000,21800,16.21
246,139,BRABEVACNOR1BR00,ABEV3,1620319154636692,16.2,16.19,16.18,16.21,16.22,16.23,51500,69700,47900,14300,27000,21800,16.21
247,139,BRABEVACNOR1BR00,ABEV3,1620319160687007,16.21,16.2,16.19,16.22,16.23,16.24,7000,121600,69600,27000,21800,44700,16.21
248,139,BRABEVACNOR1BR00,ABEV3,1620319160687224,16.21,16.2,16.19,16.22,16.23,16.24,7000,121600,69600,27000,21800,44700,16.21
249,139,BRABEVACNOR1BR00,ABEV3,1620319160687731,16.21,16.2,16.19,16.22,16.23,16.24,7000,121600,69600,26200,21800,44700,16.21
250,139,BRABEVACNOR1BR00,ABEV3,1620319160689968,16.21,16.2,16.19,16.22,16.23,16.24,9600,125400,65800,20600,21800,44700,16.21
251,139,BRABEVACNOR1BR00,ABEV3,1620319178437766,16.2,16.19,16.18,16.21,16.22,16.23,37900,74900,55200,1300,23500,22000,16.21
252,139,BRABEVACNOR1BR00,ABEV3,1620319178439520,16.2,16.19,16.18,16.21,16.22,16.23,30200,74900,55200,10200,23400,22000,16.21
253,139,BRABEVACNOR1BR00,ABEV3,1620319185215746,16.2,16.19,16.18,16.21,16.22,16.23,45200,74900,40600,4000,19200,23100,16.21
254,139,BRABEVACNOR1BR00,ABEV3,1620319185239610,16.2,16.19,16.18,16.21,16.22,16.23,45200,74900,40600,3900,19200,23100,16.21
255,139,BRABEVACNOR1BR00,ABEV3,1620319185241066,16.2,16.19,16.18,16.21,16.22,16.23,45200,78600,36900,4000,19200,23100,16.21
256,139,BRABEVACNOR1BR00,ABEV3,1620319201965069,16.2,16.19,16.18,16.21,16.22,16.23,41700,78700,39400,2100,18700,23100,16.21
257,139,BRABEVACNOR1BR00,ABEV3,1620319202126130,16.2,16.19,16.18,16.21,16.22,16.23,41700,78700,39400,2000,18700,23100,16.21
258,139,BRABEVACNOR1BR00,ABEV3,1620319202126159,16.2,16.19,16.18,16.21,16.22,16.23,41700,78700,39400,2000,18700,23100,16.21
259,139,BRABEVACNOR1BR00,ABEV3,1620319202127022,16.2,16.19,16.18,16.21,16.22,16.23,41700,78700,39400,2000,17600,23100,16.21
260,139,BRABEVACNOR1BR00,ABEV3,1620319202127046,16.2,16.19,16.18,16.21,16.22,16.23,41700,78700,39400,2000,17600,23100,16.21
261,139,BRABEVACNOR1BR00,ABEV3,1620319202127311,16.2,16.19,16.18,16.22,16.23,16.24,41700,78700,39400,17600,23100,41700,16.21
262,139,BRABEVACNOR1BR00,ABEV3,1620319202127361,16.21,16.2,16.19,16.22,16.23,16.24,1400,41700,78700,17600,23100,41700,16.21
263,139,BRABEVACNOR1BR00,ABEV3,1620319202127705,16.21,16.2,16.19,16.22,16.23,16.24,1400,41700,78700,16200,23100,41700,16.21
264,139,BRABEVACNOR1BR00,ABEV3,1620319202127723,16.21,16.2,16.19,16.22,16.23,16.24,1400,41700,78700,16200,23100,41700,16.21
265,139,BRABEVACNOR1BR00,ABEV3,1620319202128325,16.21,16.2,16.19,16.22,16.23,16.24,1400,40500,78700,16200,23100,41700,16.21
266,139,BRABEVACNOR1BR00,ABEV3,1620319202128363,16.21,16.2,16.19,16.22,16.23,16.24,1400,40500,78700,16200,23100,41700,16.21
267,139,BRABEVACNOR1BR00,ABEV3,1620319202128387,16.21,16.2,16.19,16.22,16.23,16.24,1400,40500,78700,16100,23100,41700,16.21
268,139,BRABEVACNOR1BR00,ABEV3,1620319202128408,16.21,16.2,16.19,16.22,16.23,16.24,1400,40500,78700,16100,23100,41700,16.21
269,139,BRABEVACNOR1BR00,ABEV3,1620319202128658,16.21,16.2,16.19,16.22,16.23,16.24,1400,44200,74900,16100,23100,41700,16.21
270,139,BRABEVACNOR1BR00,ABEV3,1620319202128698,16.21,16.2,16.19,16.22,16.23,16.24,1400,44200,74900,16100,23100,41700,16.21
271,139,BRABEVACNOR1BR00,ABEV3,1620319202128713,16.21,16.2,16.19,16.22,16.23,16.24,1400,44200,77600,16100,23100,41700,16.21
272,139,BRABEVACNOR1BR00,ABEV3,1620319202128736,16.21,16.2,16.19,16.22,16.23,16.24,1400,44200,77600,16100,23100,41700,16.21
273,139,BRABEVACNOR1BR00,ABEV3,1620319202128747,16.21,16.2,16.19,16.22,16.23,16.24,9000,44200,77600,16100,23100,41700,16.21
274,139,BRABEVACNOR1BR00,ABEV3,1620319202128765,16.21,16.2,16.19,16.22,16.23,16.24,9000,44200,77600,16100,23100,41700,16.21
275,139,BRABEVACNOR1BR00,ABEV3,1620319202129061,16.21,16.2,16.19,16.22,16.23,16.24,11500,44200,77600,16100,23100,41700,16.21
276,139,BRABEVACNOR1BR00,ABEV3,1620319202129079,16.21,16.2,16.19,16.22,16.23,16.24,11500,44200,77600,16100,23100,41700,16.21
277,139,BRABEVACNOR1BR00,ABEV3,1620319202134659,16.21,16.2,16.19,16.22,16.23,16.24,11500,39300,77600,16100,23100,41700,16.21
278,139,BRABEVACNOR1BR00,ABEV3,1620319202134691,16.21,16.2,16.19,16.22,16.23,16.24,11500,39300,77600,16100,23100,41700,16.21
279,139,BRABEVACNOR1BR00,ABEV3,1620319202148540,16.21,16.2,16.19,16.22,16.23,16.24,11700,39100,77600,16100,23100,41700,16.21
280,139,BRABEVACNOR1BR00,ABEV3,1620319202148569,16.21,16.2,16.19,16.22,16.23,16.24,11700,39100,77600,16100,23100,41700,16.21
281,139,BRABEVACNOR1BR00,ABEV3,1620319202166712,16.21,16.2,16.19,16.22,16.23,16.24,11700,39100,77600,16100,23100,41700,16.21
282,139,BRABEVACNOR1BR00,ABEV3,1620319202167913,16.21,16.2,16.19,16.22,16.23,16.24,11700,39100,77600,16200,23100,41700,16.21
283,139,BRABEVACNOR1BR00,ABEV3,1620319218810226,16.2,16.19,16.18,16.21,16.22,16.23,42800,78600,55600,1100,21700,23400,16.22
284,139,BRABEVACNOR1BR00,ABEV3,1620319218811478,16.2,16.19,16.18,16.21,16.22,16.23,36500,78600,55600,1200,20400,23400,16.22
285,139,BRABEVACNOR1BR00,ABEV3,1620319224271730,16.2,16.19,16.18,16.21,16.22,16.23,40200,64900,38600,3200,19900,23100,16.21
286,139,BRABEVACNOR1BR00,ABEV3,1620319224314823,16.2,16.19,16.18,16.21,16.22,16.23,40300,64900,38600,3200,19900,23100,16.21
287,139,BRABEVACNOR1BR00,ABEV3,1620319224316058,16.2,16.19,16.18,16.21,16.22,16.23,40300,64900,38600,3300,19900,23100,16.21
288,139,BRABEVACNOR1BR00,ABEV3,1620319225043877,16.21,16.2,16.19,16.22,16.23,16.24,6500,40300,54900,19700,23100,25300,16.21
289,139,BRABEVACNOR1BR00,ABEV3,1620319225043984,16.21,16.2,16.19,16.22,16.23,16.24,6500,40300,54900,19700,23100,25300,16.21
290,139,BRABEVACNOR1BR00,ABEV3,1620319225044697,16.21,16.2,16.19,16.22,16.23,16.24,6500,40300,54900,19600,23100,25300,16.21
291,139,BRABEVACNOR1BR00,ABEV3,1620319225046327,16.21,16.2,16.19,16.22,16.23,16.24,6500,40300,61100,20900,23100,25300,16.21
292,139,BRABEVACNOR1BR00,ABEV3,1620319286487133,16.2,16.19,16.18,16.21,16.22,16.23,3900,57600,41100,7600,18100,23100,16.2
293,139,BRABEVACNOR1BR00,ABEV3,1620319286495610,16.2,16.19,16.18,16.21,16.22,16.23,6700,56400,41100,12600,19300,23100,16.2
294,139,BRABEVACNOR1BR00,ABEV3,1620319292234664,16.2,16.19,16.18,16.21,16.22,16.23,30200,56800,28500,3800,14600,23000,16.21
295,139,BRABEVACNOR1BR00,ABEV3,1620319292667556,16.2,16.19,16.18,16.21,16.22,16.23,30200,56800,28500,3700,14600,23000,16.21
296,139,BRABEVACNOR1BR00,ABEV3,1620319292668758,16.2,16.19,16.18,16.21,16.22,16.23,30200,56800,28500,3800,14600,23000,16.21
297,139,BRABEVACNOR1BR00,ABEV3,1620319306107970,16.2,16.19,16.18,16.22,16.23,16.24,31900,60500,27900,18000,23000,44300,16.21
298,139,BRABEVACNOR1BR00,ABEV3,1620319306108093,16.2,16.19,16.18,16.22,16.23,16.24,31900,60500,27900,18000,23000,44300,16.21
299,139,BRABEVACNOR1BR00,ABEV3,1620319306109014,16.2,16.19,16.18,16.22,16.23,16.24,33100,60500,27900,18000,23000,44300,16.21
300,139,BRABEVACNOR1BR00,ABEV3,1620319306110505,16.2,16.19,16.18,16.22,16.23,16.24,33100,60500,27900,18100,23000,44300,16.21
301,139,BRABEVACNOR1BR00,ABEV3,1620319306113156,16.2,16.19,16.18,16.21,16.22,16.23,33100,60500,27900,200,19300,23000,16.21
302,139,BRABEVACNOR1BR00,ABEV3,1620319306114563,16.2,16.19,16.18,16.21,16.22,16.23,33100,60500,27900,300,19200,23000,16.21
303,139,BRABEVACNOR1BR00,ABEV3,1620319306252707,16.2,16.19,16.18,16.22,16.23,16.24,31900,60500,27900,18000,23000,44300,16.21
304,139,BRABEVACNOR1BR00,ABEV3,1620319306252867,16.2,16.19,16.18,16.22,16.23,16.24,31900,60500,27900,18000,23000,44300,16.21
305,139,BRABEVACNOR1BR00,ABEV3,1620319306253621,16.2,16.19,16.18,16.22,16.23,16.24,31900,60500,27900,19200,23000,44300,16.21
306,139,BRABEVACNOR1BR00,ABEV3,1620319306254806,16.2,16.19,16.18,16.22,16.23,16.24,31900,60500,27900,19300,23000,44300,16.21
307,139,BRABEVACNOR1BR00,ABEV3,1620319346388969,16.2,16.19,16.18,16.21,16.22,16.23,7400,60100,44400,1000,19000,23100,16.2
308,139,BRABEVACNOR1BR00,ABEV3,1620319346397319,16.2,16.19,16.18,16.21,16.22,16.23,10800,54400,41200,10000,22200,23100,16.2
309,139,BRABEVACNOR1BR00,ABEV3,1620319346406820,16.2,16.19,16.18,16.21,16.22,16.23,29700,54800,44800,100,21000,23100,16.2
310,139,BRABEVACNOR1BR00,ABEV3,1620319346408305,16.2,16.19,16.18,16.21,16.22,16.23,29700,58400,44000,1400,19700,23100,16.2
311,139,BRABEVACNOR1BR00,ABEV3,1620319346411015,16.2,16.19,16.18,16.21,16.22,16.23,24800,58400,44000,1400,19700,23100,16.2
312,139,BRABEVACNOR1BR00,ABEV3,1620319346412685,16.2,16.19,16.18,16.21,16.22,16.23,26500,54800,41200,1500,19600,23100,16.2
313,139,BRABEVACNOR1BR00,ABEV3,1620319346537610,16.2,16.19,16.18,16.21,16.22,16.23,26500,58400,41200,1600,19700,23000,16.21
314,139,BRABEVACNOR1BR00,ABEV3,1620319346576664,16.2,16.19,16.18,16.21,16.22,16.23,26800,58400,41200,1600,19700,23000,16.21
315,139,BRABEVACNOR1BR00,ABEV3,1620319346577898,16.2,16.19,16.18,16.21,16.22,16.23,26800,58400,44100,1700,19700,23000,16.21
316,139,BRABEVACNOR1BR00,ABEV3,1620319350486498,16.2,16.19,16.18,16.21,16.22,16.23,26400,54800,28600,3200,17300,22900,16.21
317,139,BRABEVACNOR1BR00,ABEV3,1620319350486915,16.2,16.19,16.18,16.22,16.23,16.24,26400,54800,28600,16300,22900,25400,16.22
318,139,BRABEVACNOR1BR00,ABEV3,1620319350489012,16.2,16.19,16.18,16.22,16.23,16.24,27600,58600,28000,17600,22900,25400,16.22
319,139,BRABEVACNOR1BR00,ABEV3,1620319350491243,16.2,16.19,16.18,16.21,16.22,16.23,27600,58600,28000,200,17600,22900,16.22
320,139,BRABEVACNOR1BR00,ABEV3,1620319350492331,16.2,16.19,16.18,16.21,16.22,16.23,27600,58600,28000,300,17500,22900,16.22
321,139,BRABEVACNOR1BR00,ABEV3,1620319353573549,16.2,16.19,16.18,16.21,16.22,16.23,30600,58600,28000,5700,16300,22900,16.21
322,139,BRABEVACNOR1BR00,ABEV3,1620319353801376,16.2,16.19,16.18,16.21,16.22,16.23,30500,58600,28000,5700,16300,22900,16.2
323,139,BRABEVACNOR1BR00,ABEV3,1620319353802765,16.2,16.19,16.18,16.21,16.22,16.23,30500,58600,28000,5800,16300,22900,16.2
324,139,BRABEVACNOR1BR00,ABEV3,1620319376155605,16.2,16.19,16.18,16.21,16.22,16.23,42500,57600,28000,5200,23400,22900,16.21
325,139,BRABEVACNOR1BR00,ABEV3,1620319376175566,16.2,16.19,16.18,16.21,16.22,16.23,42200,57600,28000,4900,23400,22900,16.21
326,139,BRABEVACNOR1BR00,ABEV3,1620319376176782,16.2,16.19,16.18,16.21,16.22,16.23,42200,57600,28000,5000,23400,22900,16.21
327,139,BRABEVACNOR1BR00,ABEV3,1620319392780245,16.2,16.19,16.18,16.21,16.22,16.23,32400,67400,28000,3300,22900,23400,16.21
328,139,BRABEVACNOR1BR00,ABEV3,1620319392780350,16.2,16.19,16.18,16.21,16.22,16.23,32400,67400,28000,100,22900,23400,16.21
329,139,BRABEVACNOR1BR00,ABEV3,1620319392781456,16.2,16.19,16.18,16.21,16.22,16.23,33600,67400,28000,200,22900,23400,16.21
330,139,BRABEVACNOR1BR00,ABEV3,1620319393610323,16.2,16.19,16.18,16.21,16.22,16.23,29600,67400,28000,3400,22900,23400,16.21
331,139,BRABEVACNOR1BR00,ABEV3,1620319393639445,16.2,16.19,16.18,16.21,16.22,16.23,29300,67400,28000,3400,22900,23400,16.2
332,139,BRABEVACNOR1BR00,ABEV3,1620319393640654,16.2,16.19,16.18,16.21,16.22,16.23,29300,67400,28000,3500,22900,23400,16.2
333,139,BRABEVACNOR1BR00,ABEV3,1620319394913482,16.2,16.19,16.18,16.21,16.22,16.23,31000,63800,28700,2100,22900,23400,16.21
334,139,BRABEVACNOR1BR00,ABEV3,1620319394935117,16.2,16.19,16.18,16.21,16.22,16.23,31000,63800,28700,7000,22900,23400,16.21
335,139,BRABEVACNOR1BR00,ABEV3,1620319394936230,16.2,16.19,16.18,16.21,16.22,16.23,31000,63800,28700,7100,22900,23400,16.21
336,139,BRABEVACNOR1BR00,ABEV3,1620319422733708,16.2,16.19,16.18,16.21,16.22,16.23,32100,68400,27800,20000,16900,26300,16.21
337,139,BRABEVACNOR1BR00,ABEV3,1620319423222477,16.2,16.19,16.18,16.21,16.22,16.23,31300,68400,27800,19600,16900,26300,16.21
338,139,BRABEVACNOR1BR00,ABEV3,1620319423223758,16.2,16.19,16.18,16.21,16.22,16.23,31300,68400,27800,19700,16900,26300,16.21
339,139,BRABEVACNOR1BR00,ABEV3,1620319450478952,16.2,16.19,16.18,16.21,16.22,16.23,41600,58500,27800,12300,17900,26200,16.21
340,139,BRABEVACNOR1BR00,ABEV3,1620319450479337,16.2,16.19,16.18,16.22,16.23,16.24,41600,58500,27800,17900,26200,44200,16.21
341,139,BRABEVACNOR1BR00,ABEV3,1620319450509220,16.2,16.19,16.18,16.22,16.23,16.24,42800,58500,27800,17000,26200,44200,16.21
342,139,BRABEVACNOR1BR00,ABEV3,1620319450511086,16.2,16.19,16.18,16.21,16.22,16.23,42800,58500,27800,200,17000,26200,16.21
343,139,BRABEVACNOR1BR00,ABEV3,1620319450511112,16.2,16.19,16.18,16.21,16.22,16.23,42800,58500,27800,200,17000,26200,16.21
344,139,BRABEVACNOR1BR00,ABEV3,1620319729089941,16.2,16.19,16.18,16.22,16.23,16.24,8900,36500,20500,16700,22300,33100,16.22
345,139,BRABEVACNOR1BR00,ABEV3,1620319729094267,16.2,16.19,16.18,16.22,16.23,16.24,12800,32800,20500,16700,22300,33100,16.22
346,139,BRABEVACNOR1BR00,ABEV3,1620319729097090,16.2,16.19,16.18,16.22,16.23,16.24,14000,32800,20500,16800,22300,33100,16.22
347,139,BRABEVACNOR1BR00,ABEV3,1620319729191726,16.2,16.19,16.18,16.21,16.22,16.23,10100,36700,20500,6800,13800,22300,16.22
348,139,BRABEVACNOR1BR00,ABEV3,1620319729193023,16.2,16.19,16.18,16.21,16.22,16.23,10100,36700,20500,6900,12500,22300,16.22
349,139,BRABEVACNOR1BR00,ABEV3,1620319729203535,16.2,16.19,16.18,16.21,16.22,16.23,10100,36700,20500,100,12500,22300,16.22
350,139,BRABEVACNOR1BR00,ABEV3,1620319729204700,16.2,16.19,16.18,16.22,16.23,16.24,10100,36700,20500,12600,22300,33100,16.22
351,139,BRABEVACNOR1BR00,ABEV3,1620319729205682,16.2,16.19,16.18,16.21,16.22,16.23,10100,36700,20500,1100,13800,22300,16.22
352,139,BRABEVACNOR1BR00,ABEV3,1620319729207188,16.2,16.19,16.18,16.21,16.22,16.23,10100,36700,20500,1200,13700,22300,16.22
353,139,BRABEVACNOR1BR00,ABEV3,1620319736087428,16.2,16.19,16.18,16.21,16.22,16.23,15500,35000,20500,9100,12600,22300,16.21
354,139,BRABEVACNOR1BR00,ABEV3,1620319736250468,16.2,16.19,16.18,16.21,16.22,16.23,15500,35000,20500,9000,12600,22300,16.21
355,139,BRABEVACNOR1BR00,ABEV3,1620319736251508,16.2,16.19,16.18,16.21,16.22,16.23,15500,35000,20500,9100,12600,22300,16.21
356,139,BRABEVACNOR1BR00,ABEV3,1620319744445099,16.2,16.19,16.18,16.21,16.22,16.23,15700,31300,20500,9200,12200,22300,16.21
357,139,BRABEVACNOR1BR00,ABEV3,1620319744445490,16.2,16.19,16.18,16.21,16.22,16.23,15700,34900,20500,9200,12200,22300,16.21
358,139,BRABEVACNOR1BR00,ABEV3,1620319744446780,16.2,16.19,16.18,16.21,16.22,16.23,15700,34900,20500,2700,12200,22300,16.21
359,139,BRABEVACNOR1BR00,ABEV3,1620319753207724,16.2,16.19,16.18,16.21,16.22,16.23,15700,31300,24400,1900,12200,22300,16.21
360,139,BRABEVACNOR1BR00,ABEV3,1620319753295613,16.2,16.19,16.18,16.21,16.22,16.23,15700,31300,24400,1900,18800,22300,16.21
361,139,BRABEVACNOR1BR00,ABEV3,1620319753297236,16.2,16.19,16.18,16.21,16.22,16.23,15700,31300,24400,2000,18800,22300,16.21
362,139,BRABEVACNOR1BR00,ABEV3,1620319754789745,16.2,16.19,16.18,16.21,16.22,16.23,12600,31300,24400,6400,11700,22300,16.21
363,429,BRALPAACNPR7BR00,ALPA4,1620318933106848,46.3,46.29,46.28,46.31,46.33,46.34,100,100,200,1300,300,400,46.31
364,429,BRALPAACNPR7BR00,ALPA4,1620318933106868,46.3,46.29,46.28,46.31,46.33,46.34,100,100,200,1300,300,400,46.31
365,429,BRALPAACNPR7BR00,ALPA4,1620318933108086,46.3,46.29,46.28,46.31,46.33,46.34,100,100,200,1300,300,400,46.31
366,429,BRALPAACNPR7BR00,ALPA4,1620318933108105,46.3,46.29,46.28,46.31,46.33,46.34,100,100,200,1300,300,400,46.31
367,429,BRALPAACNPR7BR00,ALPA4,1620318933108185,46.3,46.29,46.28,46.31,46.33,46.34,100,100,200,1400,300,400,46.31
368,429,BRALPAACNPR7BR00,ALPA4,1620318933108203,46.3,46.29,46.28,46.31,46.33,46.34,100,100,200,1400,300,400,46.31
369,429,BRALPAACNPR7BR00,ALPA4,1620318933114864,46.3,46.29,46.28,46.31,46.33,46.34,100,100,200,1400,400,400,46.31
370,429,BRALPAACNPR7BR00,ALPA4,1620318933114892,46.3,46.29,46.28,46.31,46.33,46.34,100,100,200,1400,400,400,46.31
371,429,BRALPAACNPR7BR00,ALPA4,1620318933359737,46.29,46.28,46.27,46.31,46.33,46.34,100,200,500,1400,300,400,46.3
372,429,BRALPAACNPR7BR00,ALPA4,1620318933359756,46.29,46.28,46.27,46.31,46.33,46.34,100,200,500,1400,300,400,46.3
373,429,BRALPAACNPR7BR00,ALPA4,1620318933360414,46.29,46.28,46.27,46.31,46.33,46.34,100,200,500,1400,300,400,46.3
374,429,BRALPAACNPR7BR00,ALPA4,1620318933360445,46.29,46.28,46.27,46.31,46.33,46.34,100,200,500,1400,300,400,46.3
375,429,BRALPAACNPR7BR00,ALPA4,1620318933360691,46.29,46.28,46.27,46.31,46.33,46.34,100,200,300,1400,300,400,46.3
376,429,BRALPAACNPR7BR00,ALPA4,1620318933360727,46.29,46.28,46.27,46.31,46.33,46.34,100,200,300,1400,300,400,46.3
377,429,BRALPAACNPR7BR00,ALPA4,1620318933360742,46.29,46.28,46.27,46.31,46.32,46.33,100,200,300,1400,200,300,46.3
378,429,BRALPAACNPR7BR00,ALPA4,1620318933360764,46.29,46.28,46.27,46.31,46.32,46.33,100,200,300,1400,200,300,46.3
379,429,BRALPAACNPR7BR00,ALPA4,1620318933360975,46.29,46.28,46.27,46.31,46.32,46.33,100,200,300,1400,200,300,46.3
380,429,BRALPAACNPR7BR00,ALPA4,1620318933360993,46.29,46.28,46.27,46.31,46.32,46.33,100,200,300,1400,200,300,46.3
381,429,BRALPAACNPR7BR00,ALPA4,1620318933361519,46.29,46.28,46.27,46.31,46.32,46.33,100,200,300,1400,200,300,46.3
382,429,BRALPAACNPR7BR00,ALPA4,1620318933361537,46.29,46.28,46.27,46.31,46.32,46.33,100,200,300,1400,200,300,46.3
383,429,BRALPAACNPR7BR00,ALPA4,1620318933486977,46.29,46.27,46.26,46.31,46.32,46.33,100,300,900,1400,200,300,46.3
384,429,BRALPAACNPR7BR00,ALPA4,1620318933486993,46.29,46.27,46.26,46.31,46.32,46.33,100,300,900,1400,200,300,46.3
385,429,BRALPAACNPR7BR00,ALPA4,1620318933601667,46.29,46.27,46.26,46.3,46.31,46.32,100,300,900,300,1100,200,46.3
386,429,BRALPAACNPR7BR00,ALPA4,1620318933601686,46.29,46.27,46.26,46.3,46.31,46.32,100,300,900,300,1100,200,46.3
387,429,BRALPAACNPR7BR00,ALPA4,1620318933602381,46.29,46.27,46.26,46.3,46.31,46.32,100,300,800,300,1100,200,46.3
388,429,BRALPAACNPR7BR00,ALPA4,1620318933602399,46.29,46.27,46.26,46.3,46.31,46.32,100,300,800,300,1100,200,46.3
389,429,BRALPAACNPR7BR00,ALPA4,1620318933602603,46.29,46.27,46.26,46.3,46.31,46.32,100,300,800,300,1100,200,46.3
390,429,BRALPAACNPR7BR00,ALPA4,1620318933602621,46.29,46.27,46.26,46.3,46.31,46.32,100,300,800,300,1100,200,46.3
391,429,BRALPAACNPR7BR00,ALPA4,1620318933610860,46.29,46.27,46.26,46.3,46.31,46.32,100,300,800,1200,200,200,46.3
392,429,BRALPAACNPR7BR00,ALPA4,1620318933610878,46.29,46.27,46.26,46.3,46.31,46.32,100,300,800,1200,200,200,46.3
393,429,BRALPAACNPR7BR00,ALPA4,1620318933611474,46.29,46.27,46.26,46.3,46.31,46.32,100,300,800,1200,200,200,46.3
394,429,BRALPAACNPR7BR00,ALPA4,1620318933611491,46.29,46.27,46.26,46.3,46.31,46.32,100,300,800,1200,200,200,46.3
395,429,BRALPAACNPR7BR00,ALPA4,1620318933672270,46.29,46.27,46.26,46.3,46.31,46.32,100,300,800,1300,100,200,46.3
396,429,BRALPAACNPR7BR00,ALPA4,1620318933672287,46.29,46.27,46.26,46.3,46.31,46.32,100,300,800,1300,100,200,46.3
397,429,BRALPAACNPR7BR00,ALPA4,1620318934560976,46.29,46.27,46.26,46.3,46.31,46.32,100,300,800,1300,100,200,46.3
398,429,BRALPAACNPR7BR00,ALPA4,1620318934560997,46.29,46.27,46.26,46.3,46.31,46.32,100,300,800,1300,100,200,46.3
399,429,BRALPAACNPR7BR00,ALPA4,1620318935177411,46.29,46.27,46.26,46.3,46.31,46.32,300,300,800,1300,100,200,46.3
400,429,BRALPAACNPR7BR00,ALPA4,1620318935177433,46.29,46.27,46.26,46.3,46.31,46.32,300,300,800,1300,100,200,46.3
401,429,BRALPAACNPR7BR00,ALPA4,1620318939974883,46.29,46.28,46.27,46.3,46.31,46.32,300,200,300,1300,100,200,46.3
402,429,BRALPAACNPR7BR00,ALPA4,1620318939976220,46.29,46.28,46.27,46.3,46.31,46.32,400,200,300,1300,100,200,46.3
403,429,BRALPAACNPR7BR00,ALPA4,1620318948091349,46.29,46.28,46.27,46.3,46.32,46.33,500,200,300,1800,300,200,46.3
404,429,BRALPAACNPR7BR00,ALPA4,1620318948096671,46.29,46.28,46.27,46.3,46.32,46.33,600,200,300,1800,300,200,46.3
405,429,BRALPAACNPR7BR00,ALPA4,1620318948096693,46.29,46.28,46.27,46.3,46.32,46.33,600,200,300,1800,300,200,46.3
406,429,BRALPAACNPR7BR00,ALPA4,1620318948096946,46.29,46.28,46.27,46.3,46.32,46.33,600,300,300,1800,300,200,46.3
407,429,BRALPAACNPR7BR00,ALPA4,1620318948096964,46.29,46.28,46.27,46.3,46.32,46.33,600,300,300,1800,300,200,46.3
408,429,BRALPAACNPR7BR00,ALPA4,1620318948097294,46.29,46.28,46.27,46.3,46.32,46.33,600,300,300,1800,100,200,46.3
409,429,BRALPAACNPR7BR00,ALPA4,1620318948097311,46.29,46.28,46.27,46.3,46.32,46.33,600,300,300,1800,100,200,46.3
410,429,BRALPAACNPR7BR00,ALPA4,1620318948226387,46.29,46.28,46.27,46.3,46.32,46.33,700,300,300,1800,100,200,46.3
411,429,BRALPAACNPR7BR00,ALPA4,1620318948226406,46.29,46.28,46.27,46.3,46.32,46.33,700,300,300,1800,100,200,46.3
412,429,BRALPAACNPR7BR00,ALPA4,1620318948228386,46.29,46.28,46.27,46.3,46.32,46.33,700,300,300,1800,100,200,46.3
413,429,BRALPAACNPR7BR00,ALPA4,1620318948228404,46.29,46.28,46.27,46.3,46.32,46.33,700,300,300,1800,100,200,46.3
414,429,BRALPAACNPR7BR00,ALPA4,1620318949487110,46.29,46.28,46.27,46.3,46.32,46.33,700,300,300,1300,100,200,46.3
415,429,BRALPAACNPR7BR00,ALPA4,1620318949488068,46.29,46.28,46.27,46.3,46.32,46.33,600,300,500,1300,100,200,46.3
416,429,BRALPAACNPR7BR00,ALPA4,1620318973559771,46.29,46.27,46.26,46.31,46.32,46.33,400,300,1200,1000,500,900,46.3
417,429,BRALPAACNPR7BR00,ALPA4,1620318973560887,46.29,46.27,46.26,46.31,46.32,46.33,500,300,1200,1000,500,900,46.3
418,429,BRALPAACNPR7BR00,ALPA4,1620318994025845,46.3,46.29,46.28,46.31,46.32,46.34,100,900,100,1000,200,300,46.31
419,429,BRALPAACNPR7BR00,ALPA4,1620318994025875,46.3,46.29,46.28,46.31,46.32,46.34,100,900,100,1000,200,300,46.31
420,429,BRALPAACNPR7BR00,ALPA4,1620318997829329,46.31,46.3,46.29,46.32,46.34,46.35,400,800,600,100,200,1300,46.31
421,429,BRALPAACNPR7BR00,ALPA4,1620318997830519,46.31,46.3,46.29,46.32,46.34,46.35,500,800,500,100,200,900,46.31
422,429,BRALPAACNPR7BR00,ALPA4,1620318997835736,46.31,46.3,46.29,46.32,46.34,46.35,100,800,500,100,200,900,46.31
423,429,BRALPAACNPR7BR00,ALPA4,1620318997836926,46.3,46.29,46.27,46.32,46.34,46.35,900,500,500,100,200,900,46.31
424,429,BRALPAACNPR7BR00,ALPA4,1620319005472572,46.31,46.3,46.29,46.32,46.34,46.35,700,1000,800,100,200,900,46.31
425,429,BRALPAACNPR7BR00,ALPA4,1620319005473739,46.31,46.3,46.29,46.32,46.34,46.35,800,900,800,100,200,900,46.31
426,429,BRALPAACNPR7BR00,ALPA4,1620319027723456,46.32,46.31,46.3,46.34,46.35,46.36,300,1500,700,1000,800,500,46.31
427,429,BRALPAACNPR7BR00,ALPA4,1620319027724638,46.32,46.31,46.3,46.34,46.35,46.36,600,1400,700,1000,800,500,46.31
428,429,BRALPAACNPR7BR00,ALPA4,1620319028436272,46.31,46.3,46.29,46.34,46.35,46.36,1600,400,500,1000,200,500,46.32
429,429,BRALPAACNPR7BR00,ALPA4,1620319028436328,46.31,46.3,46.29,46.34,46.35,46.36,1600,400,500,1000,200,500,46.32
430,429,BRALPAACNPR7BR00,ALPA4,1620319028808572,46.31,46.3,46.29,46.34,46.35,46.36,1600,400,500,1100,200,500,46.32
431,429,BRALPAACNPR7BR00,ALPA4,1620319028809792,46.31,46.3,46.29,46.34,46.35,46.36,1700,400,500,1100,200,500,46.32
432,429,BRALPAACNPR7BR00,ALPA4,1620319032294478,46.3,46.29,46.28,46.32,46.33,46.34,400,300,2200,200,700,900,46.31
433,429,BRALPAACNPR7BR00,ALPA4,1620319032294575,46.3,46.29,46.28,46.32,46.33,46.34,400,300,2200,200,700,900,46.31
434,429,BRALPAACNPR7BR00,ALPA4,1620319032295427,46.3,46.29,46.28,46.32,46.33,46.34,300,300,2200,200,700,900,46.31
435,429,BRALPAACNPR7BR00,ALPA4,1620319032296691,46.3,46.29,46.28,46.32,46.33,46.34,100,200,2200,200,700,900,46.3
436,429,BRALPAACNPR7BR00,ALPA4,1620319032296977,46.29,46.28,46.27,46.32,46.33,46.34,100,2200,700,200,700,900,46.29
437,429,BRALPAACNPR7BR00,ALPA4,1620319032297107,46.29,46.28,46.27,46.32,46.33,46.34,100,2200,700,200,700,900,46.29
438,511,BRALSOACNOR5BR00,ALSO3,1620318933486811,27.03,27.02,27.01,27.04,27.05,27.06,300,1000,1100,300,300,1300,27.04
439,511,BRALSOACNOR5BR00,ALSO3,1620318933486829,27.03,27.02,27.01,27.04,27.05,27.06,300,1000,1100,300,300,1300,27.04
440,511,BRALSOACNOR5BR00,ALSO3,1620318933838730,27.03,27.02,27.01,27.04,27.05,27.06,200,1000,1100,300,300,1300,27.04
441,511,BRALSOACNOR5BR00,ALSO3,1620318933838749,27.03,27.02,27.01,27.04,27.05,27.06,200,1000,1100,300,300,1300,27.04
442,511,BRALSOACNOR5BR00,ALSO3,1620318933839515,27.03,27.02,27.01,27.04,27.05,27.06,100,1000,1100,300,300,1300,27.04
443,511,BRALSOACNOR5BR00,ALSO3,1620318933839535,27.03,27.02,27.01,27.04,27.05,27.06,100,1000,1100,300,300,1300,27.04
444,511,BRALSOACNOR5BR00,ALSO3,1620318933840733,27.03,27.02,27.01,27.04,27.05,27.06,100,1000,1100,400,300,1300,27.04
445,511,BRALSOACNOR5BR00,ALSO3,1620318933840752,27.03,27.02,27.01,27.04,27.05,27.06,100,1000,1100,400,300,1300,27.04
446,511,BRALSOACNOR5BR00,ALSO3,1620318934063008,27.03,27.02,27.01,27.04,27.05,27.06,100,1000,1100,400,700,1300,27.04
447,511,BRALSOACNOR5BR00,ALSO3,1620318934063028,27.03,27.02,27.01,27.04,27.05,27.06,100,1000,1100,400,700,1300,27.04
448,511,BRALSOACNOR5BR00,ALSO3,1620318934341136,27.03,27.02,27.01,27.04,27.05,27.06,100,1100,1000,400,700,1300,27.04
449,511,BRALSOACNOR5BR00,ALSO3,1620318934341154,27.03,27.02,27.01,27.04,27.05,27.06,100,1100,1000,400,700,1300,27.04
450,511,BRALSOACNOR5BR00,ALSO3,1620318934639132,27.03,27.02,27.01,27.04,27.05,27.06,100,1100,1000,400,300,1300,27.04
451,511,BRALSOACNOR5BR00,ALSO3,1620318934639151,27.03,27.02,27.01,27.04,27.05,27.06,100,1100,1000,400,300,1300,27.04
452,511,BRALSOACNOR5BR00,ALSO3,1620318934639283,27.03,27.02,27.01,27.04,27.05,27.06,200,1100,1000,400,300,1300,27.04
453,511,BRALSOACNOR5BR00,ALSO3,1620318934639300,27.03,27.02,27.01,27.04,27.05,27.06,200,1100,1000,400,300,1300,27.04
454,511,BRALSOACNOR5BR00,ALSO3,1620318934841189,27.03,27.02,27.01,27.04,27.05,27.06,200,1100,1000,400,800,1300,27.04
455,511,BRALSOACNOR5BR00,ALSO3,1620318934842499,27.03,27.02,27.01,27.04,27.05,27.06,100,1100,1000,500,800,1300,27.04
456,511,BRALSOACNOR5BR00,ALSO3,1620318946826390,27.03,27.02,27.01,27.04,27.05,27.06,100,1100,1000,500,1200,1900,27.04
457,511,BRALSOACNOR5BR00,ALSO3,1620318946826411,27.03,27.02,27.01,27.04,27.05,27.06,100,1100,1000,500,1200,1900,27.04
458,511,BRALSOACNOR5BR00,ALSO3,1620318946966481,27.03,27.02,27.01,27.04,27.05,27.06,100,700,1000,500,1200,1900,27.04
459,511,BRALSOACNOR5BR00,ALSO3,1620318946966498,27.03,27.02,27.01,27.04,27.05,27.06,100,700,1000,500,1200,1900,27.04
460,511,BRALSOACNOR5BR00,ALSO3,1620318947130929,27.03,27.02,27.01,27.04,27.05,27.06,100,700,1000,500,1200,1900,27.04
461,511,BRALSOACNOR5BR00,ALSO3,1620318947130948,27.03,27.02,27.01,27.04,27.05,27.06,100,700,1000,500,1200,1900,27.04
462,511,BRALSOACNOR5BR00,ALSO3,1620318947131546,27.03,27.02,27.01,27.04,27.05,27.06,100,1100,1000,500,1200,1900,27.04
463,511,BRALSOACNOR5BR00,ALSO3,1620318947131562,27.03,27.02,27.01,27.04,27.05,27.06,100,1100,1000,500,1200,1900,27.04
464,511,BRALSOACNOR5BR00,ALSO3,1620318947177962,27.03,27.02,27.01,27.04,27.05,27.06,100,700,1000,500,1200,1900,27.04
465,511,BRALSOACNOR5BR00,ALSO3,1620318947177992,27.03,27.02,27.01,27.04,27.05,27.06,100,700,1000,500,1200,1900,27.04
466,511,BRALSOACNOR5BR00,ALSO3,1620318947446575,27.03,27.02,27.01,27.04,27.05,27.06,100,1100,1000,500,1200,1900,27.04
467,511,BRALSOACNOR5BR00,ALSO3,1620318947446591,27.03,27.02,27.01,27.04,27.05,27.06,100,1100,1000,500,1200,1900,27.04
468,511,BRALSOACNOR5BR00,ALSO3,1620318947698736,27.03,27.02,27.01,27.04,27.05,27.06,100,700,1000,500,1200,1900,27.04
469,511,BRALSOACNOR5BR00,ALSO3,1620318947699689,27.03,27.02,27.01,27.04,27.05,27.06,100,700,1000,400,1200,1900,27.04
470,511,BRALSOACNOR5BR00,ALSO3,1620319108910989,27.08,27.07,27.06,27.09,27.1,27.11,900,800,800,6100,600,1600,27.09
471,511,BRALSOACNOR5BR00,ALSO3,1620319108911056,27.08,27.07,27.06,27.09,27.1,27.11,900,800,800,6100,600,1600,27.09
472,511,BRALSOACNOR5BR00,ALSO3,1620319109740282,27.08,27.07,27.06,27.09,27.1,27.11,900,800,800,6100,600,1500,27.09
473,511,BRALSOACNOR5BR00,ALSO3,1620319109740318,27.08,27.07,27.06,27.09,27.1,27.11,900,800,800,6100,600,1500,27.09
474,511,BRALSOACNOR5BR00,ALSO3,1620319109741025,27.08,27.07,27.06,27.09,27.1,27.11,900,800,800,6100,600,1400,27.09
475,511,BRALSOACNOR5BR00,ALSO3,1620319109741046,27.08,27.07,27.06,27.09,27.1,27.11,900,800,800,6100,600,1400,27.09
476,511,BRALSOACNOR5BR00,ALSO3,1620319109741491,27.08,27.07,27.06,27.09,27.1,27.11,900,800,800,6100,600,1400,27.09
477,511,BRALSOACNOR5BR00,ALSO3,1620319109741508,27.08,27.07,27.06,27.09,27.1,27.11,900,800,800,6100,600,1400,27.09
478,511,BRALSOACNOR5BR00,ALSO3,1620319109742311,27.08,27.07,27.06,27.09,27.1,27.11,900,800,800,4600,600,1400,27.09
479,511,BRALSOACNOR5BR00,ALSO3,1620319109742343,27.08,27.07,27.06,27.09,27.1,27.11,900,800,800,4600,600,1400,27.09
480,511,BRALSOACNOR5BR00,ALSO3,1620319109743484,27.08,27.07,27.06,27.09,27.1,27.11,900,800,800,4600,600,1000,27.09
481,511,BRALSOACNOR5BR00,ALSO3,1620319109743514,27.08,27.07,27.06,27.09,27.1,27.11,900,800,800,4600,600,1000,27.09
482,511,BRALSOACNOR5BR00,ALSO3,1620319109743574,27.08,27.07,27.06,27.09,27.1,27.11,900,800,800,3100,600,1000,27.09
483,511,BRALSOACNOR5BR00,ALSO3,1620319109743599,27.08,27.07,27.06,27.09,27.1,27.11,900,800,800,3100,600,1000,27.09
484,511,BRALSOACNOR5BR00,ALSO3,1620319109744292,27.08,27.07,27.06,27.09,27.1,27.11,900,800,800,3100,600,1000,27.09
485,511,BRALSOACNOR5BR00,ALSO3,1620319109744317,27.08,27.07,27.06,27.09,27.1,27.11,900,800,800,3100,100,1000,27.09
486,511,BRALSOACNOR5BR00,ALSO3,1620319109744384,27.08,27.07,27.06,27.09,27.1,27.11,900,800,800,3100,100,1000,27.09
487,511,BRALSOACNOR5BR00,ALSO3,1620319109744402,27.08,27.07,27.06,27.09,27.1,27.11,900,800,800,3100,100,1000,27.09
488,511,BRALSOACNOR5BR00,ALSO3,1620319109744490,27.08,27.07,27.06,27.09,27.1,27.11,900,800,1500,3100,100,1000,27.09
489,511,BRALSOACNOR5BR00,ALSO3,1620319109744503,27.08,27.07,27.06,27.09,27.1,27.11,900,800,1500,3100,100,1000,27.09
490,511,BRALSOACNOR5BR00,ALSO3,1620319109745290,27.08,27.07,27.06,27.09,27.1,27.11,1000,800,1500,3100,100,1000,27.09
491,511,BRALSOACNOR5BR00,ALSO3,1620319109745310,27.08,27.07,27.06,27.09,27.1,27.11,1000,800,1500,3100,100,1000,27.09
492,511,BRALSOACNOR5BR00,ALSO3,1620319109745483,27.08,27.07,27.06,27.09,27.1,27.11,1000,800,1500,3100,100,1000,27.09
493,511,BRALSOACNOR5BR00,ALSO3,1620319109745567,27.08,27.07,27.06,27.09,27.1,27.11,1000,800,1500,3100,100,1000,27.09
494,511,BRALSOACNOR5BR00,ALSO3,1620319110563871,27.08,27.07,27.06,27.09,27.1,27.11,1000,800,1500,2900,100,1000,27.09
495,511,BRALSOACNOR5BR00,ALSO3,1620319110563892,27.08,27.07,27.06,27.09,27.1,27.11,1000,800,1500,2900,100,1000,27.09
496,511,BRALSOACNOR5BR00,ALSO3,1620319114510624,27.08,27.07,27.06,27.09,27.1,27.11,1000,800,1500,2900,100,1400,27.09
497,511,BRALSOACNOR5BR00,ALSO3,1620319114510652,27.08,27.07,27.06,27.09,27.1,27.11,1000,800,1500,2900,100,1400,27.09
498,511,BRALSOACNOR5BR00,ALSO3,1620319115592018,27.08,27.07,27.06,27.09,27.1,27.11,1000,800,1500,2900,100,1000,27.09
499,511,BRALSOACNOR5BR00,ALSO3,1620319115593143,27.08,27.07,27.06,27.09,27.1,27.11,1000,800,1500,3000,100,1000,27.09
500,511,BRALSOACNOR5BR00,ALSO3,1620319145000893,27.08,27.07,27.06,27.1,27.11,27.12,700,800,1600,100,1100,2700,27.09
501,511,BRALSOACNOR5BR00,ALSO3,1620319145001178,27.08,27.07,27.06,27.1,27.11,27.12,700,800,1600,100,1100,2700,27.09
502,511,BRALSOACNOR5BR00,ALSO3,1620319145001973,27.08,27.07,27.06,27.1,27.11,27.12,700,800,1600,100,1100,1300,27.09
503,511,BRALSOACNOR5BR00,ALSO3,1620319145003319,27.09,27.08,27.07,27.1,27.11,27.12,200,1000,800,200,1100,1300,27.09
504,511,BRALSOACNOR5BR00,ALSO3,1620319151473154,27.09,27.08,27.07,27.11,27.12,27.13,700,1000,900,1200,300,1100,27.1
505,511,BRALSOACNOR5BR00,ALSO3,1620319151473841,27.09,27.08,27.07,27.11,27.12,27.13,700,1000,900,1200,300,1100,27.1
506,511,BRALSOACNOR5BR00,ALSO3,1620319151475078,27.09,27.08,27.07,27.1,27.11,27.12,700,1000,1300,100,1200,300,27.1
507,511,BRALSOACNOR5BR00,ALSO3,1620319151475454,27.09,27.08,27.07,27.11,27.12,27.13,700,1000,1300,1200,300,1100,27.1
508,511,BRALSOACNOR5BR00,ALSO3,1620319151791522,27.1,27.09,27.08,27.11,27.12,27.13,100,700,1000,1200,300,1100,27.1
509,511,BRALSOACNOR5BR00,ALSO3,1620319151792837,27.1,27.09,27.08,27.11,27.12,27.13,300,1000,1000,1300,300,800,27.1
510,511,BRALSOACNOR5BR00,ALSO3,1620319158663288,27.09,27.08,27.07,27.11,27.12,27.13,300,900,1300,1300,800,800,27.1
511,511,BRALSOACNOR5BR00,ALSO3,1620319158664830,27.09,27.08,27.07,27.1,27.11,27.12,100,600,1100,100,1200,900,27.1
512,511,BRALSOACNOR5BR00,ALSO3,1620319168816096,27.07,27.06,27.05,27.1,27.11,27.12,1000,1500,2800,1300,1500,1400,27.09
513,511,BRALSOACNOR5BR00,ALSO3,1620319168816131,27.07,27.06,27.05,27.09,27.1,27.11,1000,1500,2800,100,1300,1500,27.09
514,511,BRALSOACNOR5BR00,ALSO3,1620319169518253,27.07,27.06,27.05,27.09,27.1,27.11,600,800,1300,400,1700,1600,27.09
515,511,BRALSOACNOR5BR00,ALSO3,1620319169519507,27.07,27.06,27.05,27.08,27.09,27.1,600,800,1300,100,400,1500,27.09
516,511,BRALSOACNOR5BR00,ALSO3,1620319174294783,27.07,27.06,27.05,27.09,27.1,27.11,600,400,1700,300,500,1600,27.08
517,511,BRALSOACNOR5BR00,ALSO3,1620319174294893,27.07,27.06,27.05,27.09,27.1,27.11,600,400,1700,300,500,1600,27.08
518,511,BRALSOACNOR5BR00,ALSO3,1620319174295651,27.07,27.06,27.05,27.09,27.1,27.11,600,400,1700,200,500,1600,27.08
519,511,BRALSOACNOR5BR00,ALSO3,1620319174296765,27.07,27.06,27.05,27.09,27.1,27.11,600,400,1700,200,100,1600,27.08
520,511,BRALSOACNOR5BR00,ALSO3,1620319183636326,27.08,27.07,27.06,27.09,27.1,27.11,500,600,400,200,100,1400,27.08
521,511,BRALSOACNOR5BR00,ALSO3,1620319183637564,27.08,27.07,27.06,27.09,27.1,27.11,600,600,600,100,200,1400,27.08
522,511,BRALSOACNOR5BR00,ALSO3,1620319184241499,27.08,27.07,27.06,27.09,27.1,27.11,600,600,600,700,200,1400,27.08
523,511,BRALSOACNOR5BR00,ALSO3,1620319184242815,27.08,27.07,27.06,27.09,27.1,27.11,500,600,600,800,500,1400,27.08
524,511,BRALSOACNOR5BR00,ALSO3,1620319211212588,27.08,27.07,27.06,27.1,27.11,27.12,700,500,900,200,1400,1500,27.1
525,511,BRALSOACNOR5BR00,ALSO3,1620319211212700,27.08,27.07,27.06,27.1,27.11,27.12,700,500,900,200,1400,1500,27.1
526,511,BRALSOACNOR5BR00,ALSO3,1620319211213377,27.08,27.07,27.06,27.1,27.11,27.12,700,500,900,200,1000,1500,27.1
527,511,BRALSOACNOR5BR00,ALSO3,1620319211214502,27.09,27.08,27.07,27.1,27.11,27.12,100,700,500,300,1000,800,27.1
528,511,BRALSOACNOR5BR00,ALSO3,1620319250815046,27.09,27.08,27.07,27.1,27.11,27.12,800,600,900,1000,1000,600,27.1
529,511,BRALSOACNOR5BR00,ALSO3,1620319252442958,27.09,27.08,27.07,27.1,27.11,27.12,600,600,900,900,1000,600,27.1
530,511,BRALSOACNOR5BR00,ALSO3,1620319252444232,27.09,27.08,27.07,27.1,27.11,27.12,600,600,900,1000,1000,600,27.1
531,511,BRALSOACNOR5BR00,ALSO3,1620319264924259,27.08,27.07,27.06,27.09,27.1,27.11,100,900,500,100,1600,1500,27.09
532,511,BRALSOACNOR5BR00,ALSO3,1620319264925625,27.08,27.07,27.06,27.09,27.1,27.11,100,500,800,200,1500,1700,27.09
533,511,BRALSOACNOR5BR00,ALSO3,1620319300108467,27.07,27.06,27.05,27.08,27.09,27.1,100,800,1400,100,1400,1300,27.08
534,511,BRALSOACNOR5BR00,ALSO3,1620319300110063,27.07,27.06,27.05,27.08,27.09,27.1,100,400,1700,300,1400,1500,27.08
535,511,BRALSOACNOR5BR00,ALSO3,1620319301135096,27.06,27.05,27.04,27.07,27.08,27.09,500,1700,700,200,400,1100,27.07
536,511,BRALSOACNOR5BR00,ALSO3,1620319301136273,27.06,27.05,27.04,27.07,27.08,27.09,500,1700,700,300,300,1100,27.07
537,511,BRALSOACNOR5BR00,ALSO3,1620319308007692,27.05,27.04,27.03,27.07,27.08,27.09,1700,400,2900,900,300,1500,27.06
538,511,BRALSOACNOR5BR00,ALSO3,1620319308009318,27.05,27.04,27.03,27.06,27.07,27.08,1300,800,2100,100,800,800,27.06
539,511,BRALSOACNOR5BR00,ALSO3,1620319319878685,27.05,27.04,27.03,27.06,27.07,27.08,1400,400,800,700,100,700,27.06
540,511,BRALSOACNOR5BR00,ALSO3,1620319319879371,27.05,27.04,27.03,27.06,27.07,27.08,1400,400,1000,700,100,700,27.06
541,511,BRALSOACNOR5BR00,ALSO3,1620319319880469,27.05,27.04,27.03,27.06,27.07,27.08,1400,400,1700,800,100,700,27.06
542,511,BRALSOACNOR5BR00,ALSO3,1620319351236165,27.05,27.04,27.03,27.06,27.07,27.08,900,400,1500,2000,100,700,27.06
543,511,BRALSOACNOR5BR00,ALSO3,1620319351533160,27.05,27.04,27.03,27.06,27.08,27.09,900,400,1500,2100,700,1600,27.06
544,511,BRALSOACNOR5BR00,ALSO3,1620319351534369,27.05,27.04,27.03,27.06,27.08,27.09,900,400,1500,2200,700,1600,27.06
545,511,BRALSOACNOR5BR00,ALSO3,1620319406112859,27.04,27.03,27.02,27.05,27.06,27.07,200,800,2200,100,1800,600,27.05
546,511,BRALSOACNOR5BR00,ALSO3,1620319406114204,27.04,27.03,27.02,27.05,27.06,27.07,200,400,2600,300,1700,600,27.05
547,511,BRALSOACNOR5BR00,ALSO3,1620319406176947,27.04,27.03,27.02,27.05,27.06,27.07,300,400,2400,100,1600,800,27.05
548,511,BRALSOACNOR5BR00,ALSO3,1620319406178101,27.04,27.03,27.02,27.06,27.07,27.08,300,400,2400,1700,600,700,27.05
549,511,BRALSOACNOR5BR00,ALSO3,1620319407135086,27.04,27.03,27.02,27.05,27.06,27.07,300,400,2400,300,1400,200,27.05
550,511,BRALSOACNOR5BR00,ALSO3,1620319407136199,27.04,27.03,27.02,27.05,27.06,27.07,300,400,2400,500,1300,200,27.05
551,511,BRALSOACNOR5BR00,ALSO3,1620319434077045,27.04,27.03,27.02,27.05,27.06,27.07,500,500,2400,400,400,300,27.05
552,511,BRALSOACNOR5BR00,ALSO3,1620319434088410,27.04,27.03,27.02,27.05,27.06,27.07,700,500,2400,400,400,300,27.05
553,511,BRALSOACNOR5BR00,ALSO3,1620319434089659,27.04,27.03,27.02,27.05,27.06,27.07,700,500,2400,500,400,300,27.05
554,511,BRALSOACNOR5BR00,ALSO3,1620319445582202,27.04,27.03,27.02,27.05,27.06,27.07,400,600,2400,1100,600,300,27.05
555,511,BRALSOACNOR5BR00,ALSO3,1620319445591800,27.04,27.03,27.02,27.05,27.06,27.07,600,600,2400,1100,600,300,27.05
556,511,BRALSOACNOR5BR00,ALSO3,1620319445592953,27.04,27.03,27.02,27.05,27.06,27.07,600,600,2400,1200,600,300,27.05
557,511,BRALSOACNOR5BR00,ALSO3,1620319515243009,27.04,27.03,27.02,27.05,27.06,27.07,900,600,2400,200,800,700,27.05
558,511,BRALSOACNOR5BR00,ALSO3,1620319515244130,27.04,27.03,27.02,27.05,27.06,27.07,900,600,2400,200,800,300,27.05
559,511,BRALSOACNOR5BR00,ALSO3,1620319515245225,27.04,27.03,27.02,27.05,27.06,27.07,900,600,2400,200,700,300,27.05
560,511,BRALSOACNOR5BR00,ALSO3,1620319530581573,27.04,27.03,27.02,27.05,27.06,27.07,900,700,2400,600,800,700,27.05
561,674,BRALUPCDAM15BR00,ALUP11,1620318935217041,26.76,26.75,26.74,26.78,26.79,26.8,200,700,600,2100,400,1400,26.78
562,674,BRALUPCDAM15BR00,ALUP11,1620318935217060,26.76,26.75,26.74,26.78,26.79,26.8,200,700,600,2100,400,1400,26.78
563,674,BRALUPCDAM15BR00,ALUP11,1620318935404877,26.76,26.75,26.74,26.78,26.79,26.8,200,700,600,2000,400,1400,26.78
564,674,BRALUPCDAM15BR00,ALUP11,1620318935404896,26.76,26.75,26.74,26.78,26.79,26.8,200,700,600,2000,400,1400,26.78
565,674,BRALUPCDAM15BR00,ALUP11,1620318935657658,26.76,26.75,26.74,26.78,26.79,26.8,200,700,600,2100,400,1400,26.78
566,674,BRALUPCDAM15BR00,ALUP11,1620318935657686,26.76,26.75,26.74,26.78,26.79,26.8,200,700,600,2100,400,1400,26.78
567,674,BRALUPCDAM15BR00,ALUP11,1620318937046103,26.76,26.75,26.74,26.78,26.79,26.8,200,700,600,2000,400,1400,26.78
568,674,BRALUPCDAM15BR00,ALUP11,1620318937047362,26.76,26.75,26.74,26.78,26.79,26.8,300,700,600,2000,400,1400,26.78
569,674,BRALUPCDAM15BR00,ALUP11,1620318947307759,26.76,26.75,26.74,26.77,26.78,26.79,300,400,600,1000,2200,300,26.78
570,674,BRALUPCDAM15BR00,ALUP11,1620318947307783,26.76,26.75,26.74,26.77,26.78,26.79,300,400,600,1000,2200,300,26.78
571,674,BRALUPCDAM15BR00,ALUP11,1620318948091286,26.76,26.75,26.74,26.77,26.78,26.79,300,400,600,1000,2200,300,26.78
572,674,BRALUPCDAM15BR00,ALUP11,1620318950659598,26.76,26.75,26.74,26.78,26.79,26.8,300,400,600,2200,300,1400,26.77
573,674,BRALUPCDAM15BR00,ALUP11,1620318950660914,26.77,26.76,26.75,26.78,26.79,26.8,100,400,400,2100,300,1400,26.77
574,674,BRALUPCDAM15BR00,ALUP11,1620318976960411,26.76,26.75,26.74,26.78,26.79,26.8,400,600,800,2000,400,1600,26.78
575,674,BRALUPCDAM15BR00,ALUP11,1620318976961602,26.76,26.75,26.74,26.78,26.79,26.8,500,600,800,2000,400,1600,26.78
576,674,BRALUPCDAM15BR00,ALUP11,1620319025536067,26.76,26.75,26.74,26.78,26.79,26.8,100,600,800,2000,400,1500,26.76
577,674,BRALUPCDAM15BR00,ALUP11,1620319025537288,26.75,26.74,26.73,26.78,26.79,26.8,500,800,800,2000,400,1500,26.76
578,674,BRALUPCDAM15BR00,ALUP11,1620319025537528,26.76,26.75,26.74,26.78,26.79,26.8,100,500,800,2000,400,1500,26.76
579,674,BRALUPCDAM15BR00,ALUP11,1620319025538657,26.76,26.75,26.74,26.78,26.79,26.8,200,400,800,2000,400,1500,26.76
580,674,BRALUPCDAM15BR00,ALUP11,1620319052845000,26.77,26.76,26.75,26.78,26.79,26.8,100,400,400,1200,300,400,26.78
581,674,BRALUPCDAM15BR00,ALUP11,1620319052846510,26.77,26.76,26.75,26.78,26.79,26.8,300,500,400,1200,300,400,26.78
582,674,BRALUPCDAM15BR00,ALUP11,1620319055085557,26.78,26.77,26.76,26.8,26.81,26.82,100,400,1400,200,400,1400,26.78
583,674,BRALUPCDAM15BR00,ALUP11,1620319055086944,26.78,26.77,26.76,26.8,26.81,26.82,700,300,1400,200,400,1100,26.78
584,674,BRALUPCDAM15BR00,ALUP11,1620319075591153,26.79,26.78,26.77,26.81,26.82,26.83,100,700,400,200,1100,2300,26.81
585,674,BRALUPCDAM15BR00,ALUP11,1620319075593924,26.79,26.78,26.77,26.81,26.82,26.83,400,800,400,100,1100,2300,26.81
586,674,BRALUPCDAM15BR00,ALUP11,1620319076989156,26.8,26.79,26.78,26.82,26.83,26.84,100,600,700,700,600,1400,26.82
587,674,BRALUPCDAM15BR00,ALUP11,1620319076990525,26.8,26.79,26.78,26.82,26.83,26.84,300,500,700,700,600,1400,26.82
588,674,BRALUPCDAM15BR00,ALUP11,1620319084356434,26.8,26.79,26.78,26.82,26.83,26.84,100,400,900,500,500,300,26.8
589,674,BRALUPCDAM15BR00,ALUP11,1620319084356631,26.8,26.79,26.78,26.82,26.83,26.84,100,400,900,500,500,300,26.8
590,674,BRALUPCDAM15BR00,ALUP11,1620319084357692,26.8,26.79,26.78,26.82,26.83,26.84,100,400,900,600,500,300,26.8
591,674,BRALUPCDAM15BR00,ALUP11,1620319084358827,26.8,26.79,26.78,26.82,26.83,26.84,300,400,900,600,500,300,26.8
592,674,BRALUPCDAM15BR00,ALUP11,1620319140064303,26.8,26.79,26.78,26.82,26.83,26.84,400,500,900,700,600,700,26.82
593,674,BRALUPCDAM15BR00,ALUP11,1620319140065576,26.81,26.8,26.79,26.82,26.83,26.84,100,300,500,700,600,700,26.82
594,674,BRALUPCDAM15BR00,ALUP11,1620319145229870,26.8,26.79,26.78,26.82,26.83,26.84,100,500,900,300,500,300,26.81
595,674,BRALUPCDAM15BR00,ALUP11,1620319145230975,26.79,26.78,26.77,26.82,26.83,26.84,500,900,400,300,500,300,26.81
596,674,BRALUPCDAM15BR00,ALUP11,1620319145231014,26.79,26.78,26.77,26.82,26.83,26.84,500,900,400,400,500,300,26.81
597,674,BRALUPCDAM15BR00,ALUP11,1620319145231079,26.79,26.78,26.77,26.82,26.83,26.84,500,900,400,400,500,1000,26.81
598,674,BRALUPCDAM15BR00,ALUP11,1620319145231147,26.79,26.78,26.77,26.82,26.83,26.84,500,900,400,400,500,1000,26.81
599,674,BRALUPCDAM15BR00,ALUP11,1620319145231161,26.79,26.78,26.77,26.82,26.83,26.84,500,900,400,500,500,1000,26.81
600,674,BRALUPCDAM15BR00,ALUP11,1620319145231192,26.79,26.78,26.77,26.82,26.83,26.84,500,900,400,500,500,1000,26.81
601,674,BRALUPCDAM15BR00,ALUP11,1620319145231209,26.79,26.78,26.77,26.82,26.83,26.84,500,900,400,600,500,1000,26.81
602,674,BRALUPCDAM15BR00,ALUP11,1620319145231228,26.79,26.78,26.77,26.82,26.83,26.84,500,900,400,600,500,1000,26.81
603,674,BRALUPCDAM15BR00,ALUP11,1620319145232754,26.79,26.78,26.77,26.82,26.83,26.84,500,900,400,600,500,1100,26.81
604,674,BRALUPCDAM15BR00,ALUP11,1620319145232781,26.79,26.78,26.77,26.82,26.83,26.84,500,900,400,600,500,1100,26.81
605,674,BRALUPCDAM15BR00,ALUP11,1620319145232847,26.79,26.78,26.77,26.82,26.83,26.84,500,900,400,600,700,1100,26.81
606,674,BRALUPCDAM15BR00,ALUP11,1620319145232879,26.79,26.78,26.77,26.82,26.83,26.84,500,900,400,600,700,1100,26.81
607,674,BRALUPCDAM15BR00,ALUP11,1620319147249368,26.79,26.78,26.77,26.82,26.83,26.84,500,800,400,600,700,1100,26.81
608,674,BRALUPCDAM15BR00,ALUP11,1620319147250584,26.8,26.79,26.78,26.82,26.83,26.84,100,500,800,600,700,1100,26.81
609,674,BRALUPCDAM15BR00,ALUP11,1620319147756092,26.8,26.79,26.78,26.82,26.83,26.84,200,500,800,400,500,1300,26.82
610,674,BRALUPCDAM15BR00,ALUP11,1620319147757396,26.81,26.8,26.79,26.82,26.83,26.84,100,100,500,400,500,1300,26.82
611,674,BRALUPCDAM15BR00,ALUP11,1620319147874570,26.8,26.79,26.78,26.82,26.83,26.84,100,500,800,300,500,1300,26.81
612,674,BRALUPCDAM15BR00,ALUP11,1620319147875089,26.79,26.78,26.77,26.82,26.83,26.84,500,800,400,300,500,1300,26.81
613,674,BRALUPCDAM15BR00,ALUP11,1620319147876198,26.79,26.78,26.77,26.82,26.83,26.84,600,800,400,500,500,1300,26.81
614,674,BRALUPCDAM15BR00,ALUP11,1620319171740984,26.8,26.79,26.78,26.82,26.83,26.84,100,500,600,400,600,1300,26.82
615,674,BRALUPCDAM15BR00,ALUP11,1620319171742265,26.8,26.79,26.78,26.82,26.83,26.84,300,500,600,400,600,1300,26.82
616,674,BRALUPCDAM15BR00,ALUP11,1620319181694473,26.8,26.79,26.78,26.82,26.83,26.84,100,500,700,200,600,1200,26.82
617,674,BRALUPCDAM15BR00,ALUP11,1620319181695794,26.79,26.78,26.77,26.82,26.83,26.84,600,900,400,300,600,1200,26.82
618,674,BRALUPCDAM15BR00,ALUP11,1620319185453718,26.8,26.79,26.78,26.82,26.83,26.84,100,600,800,200,600,1200,26.82
619,674,BRALUPCDAM15BR00,ALUP11,1620319185455329,26.8,26.79,26.78,26.82,26.83,26.84,400,500,800,200,600,1400,26.82
620,674,BRALUPCDAM15BR00,ALUP11,1620319196357702,26.81,26.8,26.79,26.82,26.83,26.84,100,600,500,100,500,400,26.82
621,674,BRALUPCDAM15BR00,ALUP11,1620319196357744,26.81,26.8,26.79,26.82,26.83,26.84,100,600,500,100,500,400,26.82
622,674,BRALUPCDAM15BR00,ALUP11,1620319205515708,26.81,26.8,26.79,26.83,26.84,26.85,100,1400,700,300,300,900,26.81
623,674,BRALUPCDAM15BR00,ALUP11,1620319205517063,26.82,26.8,26.79,26.83,26.84,26.85,100,500,700,500,300,900,26.81
624,674,BRALUPCDAM15BR00,ALUP11,1620319205517606,26.82,26.8,26.79,26.83,26.84,26.85,100,500,700,600,300,900,26.81
625,674,BRALUPCDAM15BR00,ALUP11,1620319205518699,26.81,26.8,26.79,26.83,26.84,26.85,100,500,700,600,300,900,26.81
626,674,BRALUPCDAM15BR00,ALUP11,1620319220694042,26.81,26.8,26.79,26.83,26.84,26.85,200,500,500,400,600,900,26.83
627,674,BRALUPCDAM15BR00,ALUP11,1620319220695240,26.82,26.81,26.8,26.83,26.84,26.85,100,100,500,400,300,900,26.83
628,674,BRALUPCDAM15BR00,ALUP11,1620319260775350,26.82,26.81,26.8,26.84,26.85,26.86,200,300,900,200,800,600,26.84
629,674,BRALUPCDAM15BR00,ALUP11,1620319260776688,26.83,26.82,26.81,26.84,26.85,26.86,100,200,300,300,800,600,26.84
630,674,BRALUPCDAM15BR00,ALUP11,1620319304623808,26.83,26.82,26.81,26.84,26.85,26.86,100,100,300,100,800,400,26.83
631,674,BRALUPCDAM15BR00,ALUP11,1620319304624793,26.82,26.81,26.8,26.84,26.85,26.86,100,300,900,100,800,400,26.83
632,674,BRALUPCDAM15BR00,ALUP11,1620319304626249,26.83,26.81,26.8,26.84,26.85,26.86,100,300,900,400,800,400,26.83
633,674,BRALUPCDAM15BR00,ALUP11,1620319304626517,26.83,26.81,26.8,26.84,26.85,26.86,100,400,900,400,800,400,26.83
634,674,BRALUPCDAM15BR00,ALUP11,1620319304627727,26.82,26.81,26.8,26.84,26.85,26.86,100,400,900,300,800,400,26.83
635,674,BRALUPCDAM15BR00,ALUP11,1620319304628374,26.82,26.81,26.8,26.84,26.85,26.86,200,400,900,200,800,600,26.83
636,674,BRALUPCDAM15BR00,ALUP11,1620319304629523,26.83,26.82,26.81,26.84,26.85,26.86,100,200,400,200,800,600,26.83
637,674,BRALUPCDAM15BR00,ALUP11,1620319325360602,26.82,26.81,26.8,26.83,26.84,26.85,100,400,900,100,300,800,26.83
638,674,BRALUPCDAM15BR00,ALUP11,1620319325360801,26.82,26.81,26.8,26.83,26.84,26.85,100,400,900,100,300,800,26.83
639,674,BRALUPCDAM15BR00,ALUP11,1620319325361691,26.82,26.81,26.8,26.83,26.84,26.85,100,400,900,200,300,800,26.83
640,674,BRALUPCDAM15BR00,ALUP11,1620319325362921,26.82,26.81,26.8,26.83,26.84,26.85,200,300,500,300,300,1000,26.83
641,674,BRALUPCDAM15BR00,ALUP11,1620319325426420,26.82,26.81,26.8,26.83,26.84,26.85,100,200,500,100,300,1000,26.82
642,674,BRALUPCDAM15BR00,ALUP11,1620319325427631,26.81,26.8,26.79,26.83,26.84,26.85,200,500,800,100,300,1000,26.82
643,674,BRALUPCDAM15BR00,ALUP11,1620319325428119,26.81,26.8,26.79,26.83,26.84,26.85,100,500,800,100,300,1000,26.82
644,674,BRALUPCDAM15BR00,ALUP11,1620319325429473,26.8,26.79,26.78,26.83,26.84,26.85,400,800,4000,100,300,1000,26.82
645,674,BRALUPCDAM15BR00,ALUP11,1620319366916249,26.82,26.81,26.8,26.84,26.85,26.86,100,500,1500,400,800,600,26.84
646,674,BRALUPCDAM15BR00,ALUP11,1620319366917459,26.82,26.81,26.8,26.84,26.85,26.86,200,500,1500,400,800,600,26.84
647,674,BRALUPCDAM15BR00,ALUP11,1620319423838841,26.83,26.82,26.81,26.85,26.86,26.87,100,600,500,1000,400,600,26.85
648,674,BRALUPCDAM15BR00,ALUP11,1620319423840503,26.83,26.82,26.81,26.85,26.86,26.87,400,500,500,1000,400,600,26.85
649,674,BRALUPCDAM15BR00,ALUP11,1620319445412234,26.82,26.81,26.8,26.85,26.86,26.87,700,500,1500,600,200,400,26.83
650,674,BRALUPCDAM15BR00,ALUP11,1620319445412379,26.82,26.81,26.8,26.84,26.85,26.86,700,500,1500,100,600,200,26.83
651,674,BRALUPCDAM15BR00,ALUP11,1620319445412423,26.83,26.82,26.81,26.84,26.85,26.86,100,700,500,100,600,200,26.83
652,674,BRALUPCDAM15BR00,ALUP11,1620319445413666,26.83,26.82,26.81,26.84,26.85,26.86,100,500,500,100,600,400,26.83
653,674,BRALUPCDAM15BR00,ALUP11,1620319445413787,26.83,26.82,26.81,26.84,26.85,26.86,100,500,500,100,700,400,26.83
654,674,BRALUPCDAM15BR00,ALUP11,1620319445415392,26.82,26.81,26.8,26.84,26.85,26.86,600,500,1700,100,700,400,26.83
655,674,BRALUPCDAM15BR00,ALUP11,1620319445800411,26.83,26.82,26.81,26.85,26.86,26.87,100,600,500,500,300,600,26.83
656,674,BRALUPCDAM15BR00,ALUP11,1620319445801612,26.83,26.82,26.81,26.85,26.86,26.87,200,500,500,500,300,600,26.83
657,674,BRALUPCDAM15BR00,ALUP11,1620319462789653,26.83,26.82,26.81,26.85,26.86,26.87,100,500,500,600,300,600,26.83
658,674,BRALUPCDAM15BR00,ALUP11,1620319462790898,26.82,26.81,26.8,26.85,26.86,26.87,600,500,1700,600,300,600,26.83
659,674,BRALUPCDAM15BR00,ALUP11,1620319464425906,26.83,26.82,26.81,26.85,26.86,26.87,100,600,500,500,300,600,26.85
660,674,BRALUPCDAM15BR00,ALUP11,1620319464427224,26.83,26.82,26.81,26.85,26.86,26.87,200,500,500,500,300,600,26.85
661,674,BRALUPCDAM15BR00,ALUP11,1620319464584795,26.83,26.82,26.81,26.85,26.86,26.87,100,500,500,700,300,600,26.85
662,674,BRALUPCDAM15BR00,ALUP11,1620319464586089,26.82,26.81,26.8,26.85,26.86,26.87,600,500,1700,700,300,600,26.85
663,674,BRALUPCDAM15BR00,ALUP11,1620319469340891,26.83,26.82,26.81,26.85,26.86,26.87,100,600,500,600,300,600,26.85
664,674,BRALUPCDAM15BR00,ALUP11,1620319469342229,26.83,26.82,26.81,26.85,26.86,26.87,100,500,500,600,300,600,26.85
665,674,BRALUPCDAM15BR00,ALUP11,1620319469402773,26.83,26.82,26.81,26.85,26.86,26.87,100,500,500,700,300,600,26.85
666,674,BRALUPCDAM15BR00,ALUP11,1620319469404005,26.82,26.81,26.8,26.85,26.86,26.87,600,500,1700,700,300,600,26.85
667,674,BRALUPCDAM15BR00,ALUP11,1620319469458738,26.83,26.82,26.81,26.85,26.86,26.87,100,600,500,500,300,600,26.85
668,674,BRALUPCDAM15BR00,ALUP11,1620319469459892,26.83,26.82,26.81,26.85,26.86,26.87,200,500,500,500,300,600,26.85
669,674,BRALUPCDAM15BR00,ALUP11,1620319471844591,26.83,26.82,26.81,26.85,26.86,26.87,100,500,500,600,300,600,26.85
670,674,BRALUPCDAM15BR00,ALUP11,1620319471845854,26.82,26.81,26.8,26.85,26.86,26.87,600,500,1700,600,300,600,26.85
671,674,BRALUPCDAM15BR00,ALUP11,1620319476969939,26.82,26.81,26.8,26.84,26.85,26.86,100,400,700,400,1200,300,26.85
672,674,BRALUPCDAM15BR00,ALUP11,1620319476971282,26.81,26.8,26.79,26.84,26.85,26.86,500,700,800,400,1200,400,26.85
673,674,BRALUPCDAM15BR00,ALUP11,1620319493335869,26.82,26.81,26.8,26.84,26.85,26.86,100,500,1400,500,1000,400,26.84
674,674,BRALUPCDAM15BR00,ALUP11,1620319493337138,26.82,26.81,26.8,26.84,26.85,26.86,300,500,1400,500,1000,400,26.84
675,674,BRALUPCDAM15BR00,ALUP11,1620319505497466,26.81,26.8,26.79,26.82,26.84,26.85,400,1400,800,200,300,1000,26.82
676,674,BRALUPCDAM15BR00,ALUP11,1620319505497574,26.81,26.8,26.79,26.82,26.84,26.85,400,1400,800,200,300,1000,26.82
677,674,BRALUPCDAM15BR00,ALUP11,1620319505498333,26.81,26.8,26.79,26.82,26.84,26.85,300,1400,800,200,300,1000,26.82
678,674,BRALUPCDAM15BR00,ALUP11,1620319505498365,26.81,26.8,26.79,26.82,26.84,26.85,300,1400,800,200,300,1000,26.82
679,674,BRALUPCDAM15BR00,ALUP11,1620319505498388,26.81,26.8,26.79,26.82,26.84,26.85,300,700,800,200,300,1000,26.82
680,674,BRALUPCDAM15BR00,ALUP11,1620319505498413,26.81,26.8,26.79,26.82,26.84,26.85,300,700,800,200,300,1000,26.82
681,674,BRALUPCDAM15BR00,ALUP11,1620319505498535,26.81,26.8,26.79,26.82,26.84,26.85,300,700,800,200,300,1000,26.82
682,674,BRALUPCDAM15BR00,ALUP11,1620319505498553,26.81,26.8,26.79,26.82,26.84,26.85,300,700,800,200,300,1000,26.82
683,674,BRALUPCDAM15BR00,ALUP11,1620319505498812,26.81,26.8,26.79,26.82,26.84,26.85,300,700,800,200,400,1000,26.82
684,674,BRALUPCDAM15BR00,ALUP11,1620319505498846,26.81,26.8,26.79,26.82,26.84,26.85,300,700,800,200,400,1000,26.82
685,674,BRALUPCDAM15BR00,ALUP11,1620319505499291,26.81,26.8,26.79,26.82,26.84,26.85,400,700,800,200,400,1000,26.82
686,674,BRALUPCDAM15BR00,ALUP11,1620319505499316,26.81,26.8,26.79,26.82,26.84,26.85,400,700,800,200,400,1000,26.82
687,674,BRALUPCDAM15BR00,ALUP11,1620319505499351,26.81,26.8,26.79,26.82,26.84,26.85,500,700,800,200,400,1000,26.82
688,674,BRALUPCDAM15BR00,ALUP11,1620319505499374,26.81,26.8,26.79,26.82,26.84,26.85,500,700,800,200,400,1000,26.82
689,674,BRALUPCDAM15BR00,ALUP11,1620319505499499,26.81,26.8,26.79,26.82,26.84,26.85,400,700,800,200,400,1000,26.82
690,674,BRALUPCDAM15BR00,ALUP11,1620319505499529,26.81,26.8,26.79,26.82,26.84,26.85,400,700,800,200,400,1000,26.82
691,674,BRALUPCDAM15BR00,ALUP11,1620319505589292,26.81,26.8,26.79,26.82,26.84,26.85,300,700,800,200,400,1000,26.82
692,674,BRALUPCDAM15BR00,ALUP11,1620319505590550,26.81,26.8,26.79,26.82,26.84,26.85,400,700,800,200,400,1000,26.82
693,674,BRALUPCDAM15BR00,ALUP11,1620319505611407,26.81,26.8,26.79,26.84,26.85,26.86,500,700,800,400,1000,500,26.82
694,674,BRALUPCDAM15BR00,ALUP11,1620319505612617,26.82,26.81,26.8,26.84,26.85,26.86,300,400,700,300,1000,500,26.82
695,674,BRALUPCDAM15BR00,ALUP11,1620319505612960,26.82,26.81,26.8,26.84,26.85,26.86,300,400,700,400,1000,500,26.82
696,674,BRALUPCDAM15BR00,ALUP11,1620319505614056,26.83,26.82,26.81,26.84,26.85,26.86,100,300,500,500,1000,500,26.82
697,674,BRALUPCDAM15BR00,ALUP11,1620319505754516,26.82,26.81,26.8,26.84,26.85,26.86,100,500,700,500,1000,500,26.83
698,703,BRANIMACNOR6BR00,ANIM3,1620318936170707,11.32,11.31,11.3,11.33,11.34,11.35,1400,1200,6400,4700,5000,5100,11.32
699,703,BRANIMACNOR6BR00,ANIM3,1620318936170740,11.32,11.31,11.3,11.33,11.34,11.35,1400,1200,6400,4700,5000,5100,11.32
700,703,BRANIMACNOR6BR00,ANIM3,1620318936171337,11.32,11.31,11.3,11.33,11.34,11.35,1400,1200,6400,6100,5000,5100,11.32
701,703,BRANIMACNOR6BR00,ANIM3,1620318936171360,11.32,11.31,11.3,11.33,11.34,11.35,1400,1200,6400,6100,5000,5100,11.32
702,703,BRANIMACNOR6BR00,ANIM3,1620318936171896,11.32,11.31,11.3,11.33,11.34,11.35,1400,1100,6400,6100,5000,5100,11.32
703,703,BRANIMACNOR6BR00,ANIM3,1620318936171917,11.32,11.31,11.3,11.33,11.34,11.35,1400,1100,6400,6100,5000,5100,11.32
704,703,BRANIMACNOR6BR00,ANIM3,1620318936697676,11.32,11.31,11.3,11.33,11.34,11.35,1400,3800,6400,6100,5000,5100,11.32
705,703,BRANIMACNOR6BR00,ANIM3,1620318936697697,11.32,11.31,11.3,11.33,11.34,11.35,1400,3800,6400,6100,5000,5100,11.32
706,703,BRANIMACNOR6BR00,ANIM3,1620318938289438,11.32,11.31,11.3,11.33,11.34,11.35,400,3800,6400,2900,5000,5100,11.33
707,703,BRANIMACNOR6BR00,ANIM3,1620318938290700,11.32,11.31,11.3,11.33,11.34,11.35,1200,4500,5800,3000,5000,5100,11.33
708,703,BRANIMACNOR6BR00,ANIM3,1620318942471333,11.31,11.3,11.29,11.32,11.33,11.34,1200,9100,2200,100,5400,5000,11.32
709,703,BRANIMACNOR6BR00,ANIM3,1620318942471358,11.31,11.3,11.29,11.32,11.33,11.34,1200,9100,2200,100,5400,5000,11.32
710,703,BRANIMACNOR6BR00,ANIM3,1620318946064519,11.31,11.3,11.29,11.33,11.34,11.35,1100,6600,4700,5000,4500,5400,11.32
711,703,BRANIMACNOR6BR00,ANIM3,1620318946065485,11.31,11.3,11.29,11.33,11.34,11.35,1100,6600,4700,4900,4500,5400,11.32
712,703,BRANIMACNOR6BR00,ANIM3,1620319108289249,11.32,11.31,11.3,11.33,11.34,11.35,300,5100,5200,1300,5400,5100,11.32
713,703,BRANIMACNOR6BR00,ANIM3,1620319108289268,11.32,11.31,11.3,11.33,11.34,11.35,300,5100,5200,1300,5400,5100,11.32
714,703,BRANIMACNOR6BR00,ANIM3,1620319108906775,11.32,11.31,11.3,11.33,11.34,11.35,300,5100,5200,1200,5400,5100,11.32
715,703,BRANIMACNOR6BR00,ANIM3,1620319108906865,11.32,11.31,11.3,11.33,11.34,11.35,300,5100,5200,1200,5400,5100,11.32
716,703,BRANIMACNOR6BR00,ANIM3,1620319108907777,11.32,11.31,11.3,11.33,11.34,11.35,700,5100,5200,1200,5400,5100,11.32
717,703,BRANIMACNOR6BR00,ANIM3,1620319108907804,11.32,11.31,11.3,11.33,11.34,11.35,700,5100,5200,1200,5400,5100,11.32
718,703,BRANIMACNOR6BR00,ANIM3,1620319108908267,11.32,11.31,11.3,11.33,11.34,11.35,800,5100,5200,1200,5400,5100,11.32
719,703,BRANIMACNOR6BR00,ANIM3,1620319108908311,11.32,11.31,11.3,11.33,11.34,11.35,800,5100,5200,1200,5400,5100,11.32
720,703,BRANIMACNOR6BR00,ANIM3,1620319108909065,11.32,11.31,11.3,11.33,11.34,11.35,800,5100,5200,400,5400,5100,11.32
721,703,BRANIMACNOR6BR00,ANIM3,1620319108909092,11.32,11.31,11.3,11.33,11.34,11.35,800,5100,5200,400,5400,5100,11.32
722,703,BRANIMACNOR6BR00,ANIM3,1620319108910136,11.32,11.31,11.3,11.33,11.34,11.35,800,5200,5200,400,5400,5100,11.32
723,703,BRANIMACNOR6BR00,ANIM3,1620319108910198,11.32,11.31,11.3,11.33,11.34,11.35,800,5200,5200,400,5400,5100,11.32
724,703,BRANIMACNOR6BR00,ANIM3,1620319108910869,11.32,11.31,11.3,11.33,11.34,11.35,800,5200,5200,300,5400,5100,11.32
725,703,BRANIMACNOR6BR00,ANIM3,1620319108910902,11.32,11.31,11.3,11.33,11.34,11.35,800,5200,5200,300,5400,5100,11.32
726,703,BRANIMACNOR6BR00,ANIM3,1620319108911861,11.32,11.31,11.3,11.33,11.34,11.35,800,5200,5200,300,4800,5100,11.32
727,703,BRANIMACNOR6BR00,ANIM3,1620319108911902,11.32,11.31,11.3,11.33,11.34,11.35,800,5200,5200,300,4800,5100,11.32
728,703,BRANIMACNOR6BR00,ANIM3,1620319109748457,11.32,11.31,11.3,11.33,11.34,11.35,800,5200,5200,200,4800,5100,11.32
729,703,BRANIMACNOR6BR00,ANIM3,1620319109748483,11.32,11.31,11.3,11.33,11.34,11.35,800,5200,5200,200,4800,5100,11.32
730,703,BRANIMACNOR6BR00,ANIM3,1620319109749407,11.32,11.31,11.3,11.33,11.34,11.35,800,5200,5200,200,4800,5700,11.32
731,703,BRANIMACNOR6BR00,ANIM3,1620319109749423,11.32,11.31,11.3,11.33,11.34,11.35,800,5200,5200,200,4800,5700,11.32
732,703,BRANIMACNOR6BR00,ANIM3,1620319110548585,11.32,11.31,11.3,11.33,11.34,11.35,800,5200,5200,200,4600,5700,11.32
733,703,BRANIMACNOR6BR00,ANIM3,1620319110548605,11.32,11.31,11.3,11.33,11.34,11.35,800,5200,5200,200,4600,5700,11.32
734,703,BRANIMACNOR6BR00,ANIM3,1620319110559968,11.32,11.31,11.3,11.33,11.34,11.35,600,5200,5200,200,4600,5700,11.32
735,703,BRANIMACNOR6BR00,ANIM3,1620319110561100,11.32,11.31,11.3,11.33,11.34,11.35,600,5200,5200,300,5200,5100,11.32
736,703,BRANIMACNOR6BR00,ANIM3,1620319110874299,11.32,11.31,11.3,11.34,11.35,11.36,1600,5200,5200,5100,5100,2400,11.34
737,703,BRANIMACNOR6BR00,ANIM3,1620319110874348,11.32,11.31,11.3,11.34,11.35,11.36,1600,5200,5200,5100,5100,2400,11.34
738,703,BRANIMACNOR6BR00,ANIM3,1620319110874483,11.32,11.31,11.3,11.34,11.35,11.36,1600,5200,5200,5100,5100,2400,11.34
739,703,BRANIMACNOR6BR00,ANIM3,1620319110874980,11.32,11.31,11.3,11.34,11.35,11.36,1600,5200,5200,4500,5100,2400,11.34
740,703,BRANIMACNOR6BR00,ANIM3,1620319110875002,11.32,11.31,11.3,11.34,11.35,11.36,1600,5200,5200,4500,5100,2400,11.34
741,703,BRANIMACNOR6BR00,ANIM3,1620319110875286,11.32,11.31,11.3,11.34,11.35,11.36,1700,5200,5200,4500,5100,2400,11.34
742,703,BRANIMACNOR6BR00,ANIM3,1620319110875303,11.32,11.31,11.3,11.34,11.35,11.36,1700,5200,5200,4500,5100,2400,11.34
743,703,BRANIMACNOR6BR00,ANIM3,1620319110875953,11.32,11.31,11.3,11.34,11.35,11.36,1700,5200,5200,4300,5100,2400,11.34
744,703,BRANIMACNOR6BR00,ANIM3,1620319110875970,11.32,11.31,11.3,11.34,11.35,11.36,1700,5200,5200,4300,5100,2400,11.34
745,703,BRANIMACNOR6BR00,ANIM3,1620319110876237,11.32,11.31,11.3,11.34,11.35,11.36,1700,5200,5200,4300,5700,2400,11.34
746,703,BRANIMACNOR6BR00,ANIM3,1620319110876254,11.32,11.31,11.3,11.34,11.35,11.36,1700,5200,5200,4300,5700,2400,11.34
747,703,BRANIMACNOR6BR00,ANIM3,1620319110992215,11.32,11.31,11.3,11.34,11.35,11.36,1700,5600,5200,4300,5700,2400,11.34
748,703,BRANIMACNOR6BR00,ANIM3,1620319110993326,11.32,11.31,11.3,11.34,11.35,11.36,1700,5600,5200,4400,5700,2400,11.34
749,703,BRANIMACNOR6BR00,ANIM3,1620319111378135,11.32,11.31,11.3,11.33,11.34,11.35,1500,5600,5200,100,4500,5700,11.32
750,703,BRANIMACNOR6BR00,ANIM3,1620319111378156,11.32,11.31,11.3,11.33,11.34,11.35,1500,5600,5200,100,4500,5700,11.32
751,703,BRANIMACNOR6BR00,ANIM3,1620319113382853,11.32,11.31,11.3,11.33,11.34,11.35,1500,5600,5200,100,5200,5700,11.32
752,703,BRANIMACNOR6BR00,ANIM3,1620319113382876,11.32,11.31,11.3,11.33,11.34,11.35,1500,5600,5200,100,5200,5700,11.32
753,703,BRANIMACNOR6BR00,ANIM3,1620319113383589,11.32,11.31,11.3,11.34,11.35,11.36,1500,5600,5200,5200,5700,2400,11.32
754,703,BRANIMACNOR6BR00,ANIM3,1620319113383612,11.32,11.31,11.3,11.34,11.35,11.36,1500,5600,5200,5200,5700,2400,11.32
755,703,BRANIMACNOR6BR00,ANIM3,1620319113383826,11.32,11.31,11.3,11.34,11.35,11.36,1500,5600,5200,5800,5100,2400,11.32
756,703,BRANIMACNOR6BR00,ANIM3,1620319113383845,11.32,11.31,11.3,11.34,11.35,11.36,1500,5600,5200,5800,5100,2400,11.32
757,703,BRANIMACNOR6BR00,ANIM3,1620319113384709,11.32,11.31,11.3,11.33,11.34,11.35,1500,5600,5200,100,5800,5100,11.32
758,703,BRANIMACNOR6BR00,ANIM3,1620319113384726,11.32,11.31,11.3,11.33,11.34,11.35,1500,5600,5200,100,5800,5100,11.32
759,703,BRANIMACNOR6BR00,ANIM3,1620319113385382,11.32,11.31,11.3,11.34,11.35,11.36,1500,5600,5200,5800,5100,2400,11.32
760,703,BRANIMACNOR6BR00,ANIM3,1620319113385398,11.32,11.31,11.3,11.34,11.35,11.36,1500,5600,5200,5800,5100,2400,11.32
761,703,BRANIMACNOR6BR00,ANIM3,1620319113386066,11.32,11.31,11.3,11.34,11.35,11.36,1400,5600,5200,5800,5100,2400,11.32
762,703,BRANIMACNOR6BR00,ANIM3,1620319113386084,11.32,11.31,11.3,11.34,11.35,11.36,1400,5600,5200,5800,5100,2400,11.32
763,703,BRANIMACNOR6BR00,ANIM3,1620319113386368,11.32,11.31,11.3,11.33,11.34,11.35,1400,5600,5200,100,5800,5100,11.32
764,703,BRANIMACNOR6BR00,ANIM3,1620319113386389,11.32,11.31,11.3,11.33,11.34,11.35,1400,5600,5200,100,5800,5100,11.32
765,703,BRANIMACNOR6BR00,ANIM3,1620319113387067,11.32,11.31,11.3,11.34,11.35,11.36,1400,5600,5200,5800,5100,2400,11.32
766,703,BRANIMACNOR6BR00,ANIM3,1620319113387086,11.32,11.31,11.3,11.34,11.35,11.36,1400,5600,5200,5800,5100,2400,11.32
767,703,BRANIMACNOR6BR00,ANIM3,1620319113387298,11.32,11.31,11.3,11.34,11.35,11.36,1500,5600,5200,5800,5100,2400,11.32
768,703,BRANIMACNOR6BR00,ANIM3,1620319113387316,11.32,11.31,11.3,11.34,11.35,11.36,1500,5600,5200,5800,5100,2400,11.32
769,703,BRANIMACNOR6BR00,ANIM3,1620319113387746,11.32,11.31,11.3,11.34,11.35,11.36,1400,5600,5200,5800,5100,2400,11.32
770,703,BRANIMACNOR6BR00,ANIM3,1620319113387764,11.32,11.31,11.3,11.34,11.35,11.36,1400,5600,5200,5800,5100,2400,11.32
771,703,BRANIMACNOR6BR00,ANIM3,1620319113388226,11.32,11.31,11.3,11.33,11.34,11.35,1400,5600,5200,100,5800,5100,11.32
772,703,BRANIMACNOR6BR00,ANIM3,1620319113388243,11.32,11.31,11.3,11.33,11.34,11.35,1400,5600,5200,100,5800,5100,11.32
773,703,BRANIMACNOR6BR00,ANIM3,1620319113388877,11.32,11.31,11.3,11.34,11.35,11.36,1400,5600,5200,5800,5100,2400,11.32
774,703,BRANIMACNOR6BR00,ANIM3,1620319113388895,11.32,11.31,11.3,11.34,11.35,11.36,1400,5600,5200,5800,5100,2400,11.32
775,703,BRANIMACNOR6BR00,ANIM3,1620319113389105,11.32,11.31,11.3,11.34,11.35,11.36,1500,5600,5200,5800,5100,2400,11.32
776,703,BRANIMACNOR6BR00,ANIM3,1620319113389122,11.32,11.31,11.3,11.34,11.35,11.36,1500,5600,5200,5800,5100,2400,11.32
777,703,BRANIMACNOR6BR00,ANIM3,1620319113389526,11.32,11.31,11.3,11.34,11.35,11.36,1400,5600,5200,5800,5100,2400,11.32
778,703,BRANIMACNOR6BR00,ANIM3,1620319113389543,11.32,11.31,11.3,11.34,11.35,11.36,1400,5600,5200,5800,5100,2400,11.32
779,703,BRANIMACNOR6BR00,ANIM3,1620319113390213,11.32,11.31,11.3,11.33,11.34,11.35,1400,5600,5200,100,5800,5100,11.32
780,703,BRANIMACNOR6BR00,ANIM3,1620319113390230,11.32,11.31,11.3,11.33,11.34,11.35,1400,5600,5200,100,5800,5100,11.32
781,703,BRANIMACNOR6BR00,ANIM3,1620319113390909,11.32,11.31,11.3,11.34,11.35,11.36,1400,5600,5200,5800,5100,2400,11.32
782,703,BRANIMACNOR6BR00,ANIM3,1620319113390926,11.32,11.31,11.3,11.34,11.35,11.36,1400,5600,5200,5800,5100,2400,11.32
783,703,BRANIMACNOR6BR00,ANIM3,1620319113391049,11.32,11.31,11.3,11.34,11.35,11.36,1500,5600,5200,5800,5100,2400,11.32
784,703,BRANIMACNOR6BR00,ANIM3,1620319113391065,11.32,11.31,11.3,11.34,11.35,11.36,1500,5600,5200,5800,5100,2400,11.32
785,703,BRANIMACNOR6BR00,ANIM3,1620319113391586,11.32,11.31,11.3,11.34,11.35,11.36,1400,5600,5200,5800,5100,2400,11.32
786,703,BRANIMACNOR6BR00,ANIM3,1620319113391602,11.32,11.31,11.3,11.34,11.35,11.36,1400,5600,5200,5800,5100,2400,11.32
787,703,BRANIMACNOR6BR00,ANIM3,1620319113391627,11.32,11.31,11.3,11.34,11.35,11.36,1400,5600,5200,5200,5100,2400,11.32
788,703,BRANIMACNOR6BR00,ANIM3,1620319113391643,11.32,11.31,11.3,11.34,11.35,11.36,1400,5600,5200,5200,5100,2400,11.32
789,703,BRANIMACNOR6BR00,ANIM3,1620319113392747,11.32,11.31,11.3,11.34,11.35,11.36,1500,5600,5200,5200,5100,2400,11.32
790,703,BRANIMACNOR6BR00,ANIM3,1620319113392764,11.32,11.31,11.3,11.34,11.35,11.36,1500,5600,5200,5200,5100,2400,11.32
791,703,BRANIMACNOR6BR00,ANIM3,1620319113393586,11.32,11.31,11.3,11.34,11.35,11.36,1500,5600,5200,5200,5700,2400,11.32
792,703,BRANIMACNOR6BR00,ANIM3,1620319113393603,11.32,11.31,11.3,11.34,11.35,11.36,1500,5600,5200,5200,5700,2400,11.32
793,703,BRANIMACNOR6BR00,ANIM3,1620319113407707,11.32,11.31,11.3,11.33,11.34,11.35,1500,5600,5200,200,5000,5700,11.32
794,703,BRANIMACNOR6BR00,ANIM3,1620319113407725,11.32,11.31,11.3,11.33,11.34,11.35,1500,5600,5200,200,5000,5700,11.32
795,703,BRANIMACNOR6BR00,ANIM3,1620319113408345,11.32,11.31,11.3,11.33,11.34,11.35,1400,5600,5200,200,5000,5700,11.32
796,703,BRANIMACNOR6BR00,ANIM3,1620319113408361,11.32,11.31,11.3,11.33,11.34,11.35,1400,5600,5200,200,5000,5700,11.32
797,703,BRANIMACNOR6BR00,ANIM3,1620319113408592,11.32,11.31,11.3,11.33,11.34,11.35,1400,5600,5200,200,5600,5100,11.32
798,703,BRANIMACNOR6BR00,ANIM3,1620319113408610,11.32,11.31,11.3,11.33,11.34,11.35,1400,5600,5200,200,5600,5100,11.32
799,703,BRANIMACNOR6BR00,ANIM3,1620319113408630,11.32,11.31,11.3,11.33,11.34,11.35,1500,5600,5200,200,5600,5100,11.32
800,703,BRANIMACNOR6BR00,ANIM3,1620319113408645,11.32,11.31,11.3,11.33,11.34,11.35,1500,5600,5200,200,5600,5100,11.32
801,703,BRANIMACNOR6BR00,ANIM3,1620319114439408,11.32,11.31,11.3,11.33,11.34,11.35,1400,5600,5200,100,5800,5100,11.32
802,703,BRANIMACNOR6BR00,ANIM3,1620319114439431,11.32,11.31,11.3,11.33,11.34,11.35,1400,5600,5200,100,5800,5100,11.32
803,703,BRANIMACNOR6BR00,ANIM3,1620319156985472,11.33,11.32,11.31,11.34,11.35,11.36,4000,2300,4900,3300,2600,4900,11.33
804,703,BRANIMACNOR6BR00,ANIM3,1620319156985562,11.33,11.32,11.31,11.34,11.35,11.36,1100,2300,4900,1400,2600,4900,11.34
805,703,BRANIMACNOR6BR00,ANIM3,1620319156986901,11.33,11.32,11.31,11.34,11.35,11.36,1100,2300,4900,1600,2600,4900,11.34
806,703,BRANIMACNOR6BR00,ANIM3,1620319165899512,11.3,11.29,11.28,11.31,11.34,11.35,2700,4400,3100,2500,2100,2600,11.31
807,703,BRANIMACNOR6BR00,ANIM3,1620319165901418,11.3,11.29,11.28,11.31,11.32,11.33,1800,4400,3200,2000,600,1400,11.31
808,703,BRANIMACNOR6BR00,ANIM3,1620319165904053,11.3,11.29,11.28,11.32,11.33,11.34,5000,4400,3600,600,1500,2600,11.31
809,703,BRANIMACNOR6BR00,ANIM3,1620319165904492,11.3,11.29,11.28,11.32,11.33,11.34,5000,4400,3600,600,1100,2600,11.31
810,703,BRANIMACNOR6BR00,ANIM3,1620319165905783,11.31,11.3,11.29,11.32,11.33,11.34,500,5300,4400,800,1600,2600,11.31
811,703,BRANIMACNOR6BR00,ANIM3,1620319165905798,11.31,11.3,11.29,11.32,11.33,11.34,500,5300,4400,800,1600,2600,11.31
812,703,BRANIMACNOR6BR00,ANIM3,1620319165905931,11.31,11.3,11.29,11.32,11.33,11.34,1700,5300,4700,800,1600,2600,11.31
813,703,BRANIMACNOR6BR00,ANIM3,1620319165905948,11.31,11.3,11.29,11.32,11.33,11.34,1700,5300,4700,800,1600,2600,11.31
814,703,BRANIMACNOR6BR00,ANIM3,1620319165907160,11.31,11.3,11.29,11.32,11.33,11.34,1800,5300,4700,1000,2200,2700,11.31
815,703,BRANIMACNOR6BR00,ANIM3,1620319168106252,11.3,11.29,11.28,11.32,11.33,11.34,7100,1900,3600,4000,2200,2200,11.31
816,703,BRANIMACNOR6BR00,ANIM3,1620319168107526,11.3,11.29,11.28,11.31,11.32,11.33,4600,4600,3600,100,4000,2200,11.31
817,703,BRANIMACNOR6BR00,ANIM3,1620319168108517,11.31,11.3,11.29,11.32,11.33,11.34,100,4600,4000,4600,1600,2200,11.31
818,703,BRANIMACNOR6BR00,ANIM3,1620319168108634,11.31,11.3,11.29,11.32,11.33,11.34,200,4600,4000,4600,1600,2200,11.31
819,703,BRANIMACNOR6BR00,ANIM3,1620319168109124,11.31,11.3,11.29,11.32,11.33,11.34,200,4600,4000,4000,1600,2200,11.31
820,703,BRANIMACNOR6BR00,ANIM3,1620319168110208,11.3,11.29,11.28,11.32,11.33,11.34,4600,4400,3600,4100,2300,2200,11.31
821,703,BRANIMACNOR6BR00,ANIM3,1620319168125576,11.3,11.29,11.28,11.32,11.33,11.34,4600,4400,3600,4200,2300,2200,11.31
822,703,BRANIMACNOR6BR00,ANIM3,1620319168126688,11.3,11.29,11.28,11.31,11.32,11.33,4600,4400,3600,100,4100,2300,11.31
823,703,BRANIMACNOR6BR00,ANIM3,1620319168127639,11.31,11.3,11.29,11.32,11.33,11.34,100,4600,4400,4600,1700,2200,11.31
824,703,BRANIMACNOR6BR00,ANIM3,1620319168127705,11.31,11.3,11.29,11.32,11.33,11.34,100,4600,4400,4600,1700,2200,11.31
825,703,BRANIMACNOR6BR00,ANIM3,1620319168128291,11.31,11.3,11.29,11.32,11.33,11.34,100,4600,4400,4000,1700,2200,11.31
826,703,BRANIMACNOR6BR00,ANIM3,1620319168129847,11.3,11.29,11.28,11.32,11.33,11.34,4600,4400,3600,4100,1700,2200,11.31
827,703,BRANIMACNOR6BR00,ANIM3,1620319168305824,11.3,11.29,11.28,11.32,11.33,11.34,4600,4000,3600,4100,1700,2200,11.31
828,703,BRANIMACNOR6BR00,ANIM3,1620319168307058,11.3,11.29,11.28,11.31,11.32,11.33,4600,4000,3600,100,4000,2300,11.31
829,703,BRANIMACNOR6BR00,ANIM3,1620319173553686,11.29,11.28,11.27,11.3,11.31,11.32,4600,3600,4200,900,3100,1600,11.3
830,703,BRANIMACNOR6BR00,ANIM3,1620319173555387,11.29,11.28,11.27,11.3,11.31,11.32,900,2500,4500,1100,3600,1400,11.3
831,703,BRANIMACNOR6BR00,ANIM3,1620319173833864,11.28,11.27,11.26,11.3,11.31,11.32,3300,5100,3600,3900,900,1500,11.29
832,703,BRANIMACNOR6BR00,ANIM3,1620319173835189,11.28,11.27,11.26,11.29,11.3,11.31,3700,5100,3600,100,4600,900,11.29
833,703,BRANIMACNOR6BR00,ANIM3,1620319173836391,11.28,11.27,11.26,11.3,11.31,11.32,1200,5100,3600,4600,900,1500,11.29
834,703,BRANIMACNOR6BR00,ANIM3,1620319173836720,11.28,11.27,11.26,11.3,11.31,11.32,1200,7600,3600,4600,900,1500,11.29
835,703,BRANIMACNOR6BR00,ANIM3,1620319173837784,11.28,11.27,11.26,11.29,11.3,11.31,1200,7600,3600,100,4600,900,11.29
836,703,BRANIMACNOR6BR00,ANIM3,1620319173838747,11.28,11.27,11.26,11.3,11.31,11.32,1200,7600,3600,4600,900,1500,11.29
837,703,BRANIMACNOR6BR00,ANIM3,1620319173839503,11.28,11.27,11.26,11.3,11.31,11.32,1200,7600,3600,4700,900,1500,11.29
838,703,BRANIMACNOR6BR00,ANIM3,1620319173840581,11.28,11.27,11.26,11.29,11.3,11.31,1200,7600,3600,100,4700,900,11.29
839,703,BRANIMACNOR6BR00,ANIM3,1620319173841586,11.28,11.27,11.26,11.3,11.31,11.32,1200,7600,3600,4700,900,1500,11.29
840,703,BRANIMACNOR6BR00,ANIM3,1620319174059145,11.28,11.27,11.26,11.3,11.31,11.32,2000,7600,3600,4700,900,1500,11.29
841,703,BRANIMACNOR6BR00,ANIM3,1620319174060456,11.28,11.27,11.26,11.3,11.31,11.32,2000,7600,3600,3900,900,1500,11.29
842,703,BRANIMACNOR6BR00,ANIM3,1620319174060617,11.28,11.27,11.26,11.3,11.31,11.32,2000,7600,3600,3900,900,1500,11.29
843,703,BRANIMACNOR6BR00,ANIM3,1620319174060843,11.29,11.28,11.27,11.3,11.31,11.32,800,2000,7600,3900,900,1500,11.29
844,703,BRANIMACNOR6BR00,ANIM3,1620319174062132,11.29,11.28,11.27,11.3,11.31,11.32,800,6700,4500,4000,900,1500,11.29
845,703,BRANIMACNOR6BR00,ANIM3,1620319201504957,11.3,11.29,11.28,11.32,11.33,11.34,300,2900,5300,2100,5000,7800,11.3
