,MappingNumber,EsteeID,Ticker, CurrTimeInMicroSeconds, BP1, BP2, BP3, AP1, AP2, AP3, BQ1, BQ2, BQ3, AQ1, AQ2, AQ3, LTP
0,129,BRAALRACNOR6BR00,AALR3,1620923765950167,8.85,8.84,8.83,8.86,8.87,8.88,2400,2000,3200,1300,1000,900,8.86
1,129,BRAALRACNOR6BR00,AALR3,1620923765951343,8.85,8.84,8.83,8.86,8.87,8.88,2500,2000,3200,1300,1000,900,8.86
2,129,BRAALRACNOR6BR00,AALR3,1620923811658566,8.84,8.83,8.82,8.85,8.86,8.87,2000,3200,12400,2500,1600,800,8.85
3,129,BRAALRACNOR6BR00,AALR3,1620923811658743,8.84,8.83,8.82,8.85,8.86,8.87,2000,3200,12400,2500,1600,800,8.85
4,129,BRAALRACNOR6BR00,AALR3,1620923811659511,8.84,8.83,8.82,8.85,8.86,8.87,2000,3200,12400,2900,1600,800,8.85
5,129,BRAALRACNOR6BR00,AALR3,1620923811660694,8.84,8.83,8.82,8.85,8.86,8.87,1900,3200,12600,2800,1800,800,8.85
6,129,BRAALRACNOR6BR00,AALR3,1620923837824426,8.85,8.84,8.83,8.87,8.88,8.89,600,1700,3000,300,1500,4000,8.85
7,129,BRAALRACNOR6BR00,AALR3,1620923837824457,8.85,8.84,8.83,8.87,8.88,8.89,600,1700,3000,300,1500,4000,8.85
8,129,BRAALRACNOR6BR00,AALR3,1620923891287801,8.86,8.85,8.84,8.87,8.88,8.89,1200,1700,2100,1600,900,4000,8.87
9,129,BRAALRACNOR6BR00,AALR3,1620923891289116,8.86,8.85,8.84,8.87,8.88,8.89,1300,2300,1400,1600,900,4000,8.87
10,129,BRAALRACNOR6BR00,AALR3,1620924141116577,8.87,8.86,8.85,8.88,8.89,8.9,1100,1800,1500,900,4000,11500,8.87
11,129,BRAALRACNOR6BR00,AALR3,1620924141118010,8.87,8.86,8.85,8.88,8.89,8.9,1600,1300,2100,1500,3400,11500,8.87
12,129,BRAALRACNOR6BR00,AALR3,1620924151585745,8.87,8.86,8.85,8.88,8.89,8.9,2400,1200,2100,1200,3400,10900,8.87
13,129,BRAALRACNOR6BR00,AALR3,1620924151585768,8.87,8.86,8.85,8.88,8.89,8.9,2400,1200,2100,1200,3400,10900,8.87
14,129,BRAALRACNOR6BR00,AALR3,1620924201640190,8.86,8.85,8.84,8.88,8.89,8.9,1200,1500,1100,1200,3400,10900,8.87
15,129,BRAALRACNOR6BR00,AALR3,1620924201640497,8.86,8.85,8.84,8.88,8.89,8.9,1200,1500,1100,1800,3400,10900,8.87
16,129,BRAALRACNOR6BR00,AALR3,1620924201642971,8.86,8.85,8.84,8.87,8.88,8.89,1300,900,1700,300,1800,3400,8.87
17,129,BRAALRACNOR6BR00,AALR3,1620924302232417,8.86,8.85,8.84,8.87,8.88,8.89,1000,1600,1000,1700,1000,3400,8.86
18,129,BRAALRACNOR6BR00,AALR3,1620924302233642,8.86,8.85,8.84,8.87,8.88,8.89,900,1600,1000,1600,1000,3400,8.87
19,129,BRAALRACNOR6BR00,AALR3,1620924302233810,8.86,8.85,8.84,8.87,8.88,8.89,900,1600,1000,1600,1000,3400,8.87
20,132,BRABCBACNPR4BR00,ABCB4,1620923734485557,15.75,15.74,15.73,15.77,15.78,15.79,500,1100,1800,700,1100,1100,15.75
21,132,BRABCBACNPR4BR00,ABCB4,1620923734485576,15.75,15.74,15.73,15.77,15.78,15.79,500,1100,1800,700,1100,1100,15.75
22,132,BRABCBACNPR4BR00,ABCB4,1620923740348444,15.75,15.74,15.73,15.77,15.78,15.79,2200,1100,1800,700,1100,1100,15.75
23,132,BRABCBACNPR4BR00,ABCB4,1620923740349706,15.75,15.74,15.73,15.77,15.78,15.79,2200,1100,1800,800,1000,1100,15.75
24,132,BRABCBACNPR4BR00,ABCB4,1620923747605543,15.76,15.75,15.74,15.77,15.78,15.79,500,2300,1200,100,1000,900,15.75
25,132,BRABCBACNPR4BR00,ABCB4,1620923747606901,15.76,15.75,15.74,15.78,15.79,15.8,700,2300,1200,1000,900,3100,15.75
26,132,BRABCBACNPR4BR00,ABCB4,1620923761255364,15.76,15.75,15.74,15.79,15.8,15.81,1700,500,1200,300,3300,2200,15.79
27,132,BRABCBACNPR4BR00,ABCB4,1620923761255504,15.76,15.75,15.74,15.79,15.8,15.81,1700,500,1200,300,3300,2200,15.79
28,132,BRABCBACNPR4BR00,ABCB4,1620923761256310,15.76,15.75,15.74,15.79,15.8,15.81,1700,700,1000,300,3300,2200,15.79
29,132,BRABCBACNPR4BR00,ABCB4,1620923761258441,15.77,15.76,15.75,15.79,15.8,15.81,700,1900,500,400,2400,2800,15.79
30,132,BRABCBACNPR4BR00,ABCB4,1620923762483411,15.76,15.75,15.74,15.78,15.79,15.8,400,700,2300,200,600,2100,15.78
31,132,BRABCBACNPR4BR00,ABCB4,1620923762483435,15.76,15.75,15.74,15.78,15.79,15.8,400,700,2300,200,600,2100,15.78
32,132,BRABCBACNPR4BR00,ABCB4,1620923804951928,15.76,15.75,15.74,15.77,15.78,15.79,300,500,2500,200,1400,1000,15.77
33,132,BRABCBACNPR4BR00,ABCB4,1620923804953317,15.76,15.75,15.74,15.77,15.78,15.79,100,500,2500,300,1700,900,15.77
34,132,BRABCBACNPR4BR00,ABCB4,1620923808111023,15.76,15.75,15.74,15.77,15.78,15.79,200,400,2300,100,1700,900,15.77
35,132,BRABCBACNPR4BR00,ABCB4,1620923808112714,15.76,15.75,15.74,15.78,15.79,15.8,400,400,2500,1800,900,2400,15.77
36,132,BRABCBACNPR4BR00,ABCB4,1620923850178291,15.76,15.75,15.74,15.77,15.78,15.79,900,5700,1300,1000,600,400,15.78
37,132,BRABCBACNPR4BR00,ABCB4,1620923850179548,15.76,15.75,15.74,15.77,15.78,15.79,700,5500,1600,1100,500,400,15.78
38,132,BRABCBACNPR4BR00,ABCB4,1620923855210218,15.76,15.75,15.74,15.78,15.79,15.8,300,5500,1500,500,600,2800,15.77
39,132,BRABCBACNPR4BR00,ABCB4,1620923855210401,15.76,15.75,15.74,15.78,15.79,15.8,300,5500,1500,500,600,2800,15.77
40,132,BRABCBACNPR4BR00,ABCB4,1620923855211001,15.76,15.75,15.74,15.78,15.79,15.8,300,5500,1500,400,600,2800,15.77
41,132,BRABCBACNPR4BR00,ABCB4,1620923855212161,15.76,15.75,15.74,15.78,15.79,15.8,800,5700,1300,500,400,2800,15.77
42,132,BRABCBACNPR4BR00,ABCB4,1620923884690161,15.77,15.76,15.75,15.79,15.8,15.81,700,1400,5500,400,2800,2400,15.78
43,132,BRABCBACNPR4BR00,ABCB4,1620923884690362,15.77,15.76,15.75,15.79,15.8,15.81,700,1400,5500,400,2800,2400,15.78
44,132,BRABCBACNPR4BR00,ABCB4,1620923884690937,15.77,15.76,15.75,15.79,15.8,15.81,700,1400,5500,400,2800,2400,15.78
45,132,BRABCBACNPR4BR00,ABCB4,1620923884692244,15.78,15.77,15.76,15.79,15.8,15.81,200,700,1400,400,2100,2400,15.78
46,132,BRABCBACNPR4BR00,ABCB4,1620923901071261,15.77,15.76,15.75,15.79,15.8,15.81,1400,1400,5500,100,1900,2800,15.79
47,132,BRABCBACNPR4BR00,ABCB4,1620923901072493,15.78,15.77,15.76,15.8,15.81,15.82,200,1400,1400,2000,2800,900,15.79
48,132,BRABCBACNPR4BR00,ABCB4,1620923905745313,15.78,15.77,15.76,15.79,15.8,15.81,200,1100,1600,200,1900,300,15.8
49,132,BRABCBACNPR4BR00,ABCB4,1620923905746729,15.78,15.77,15.76,15.79,15.8,15.81,200,1000,1800,500,1800,1700,15.8
50,132,BRABCBACNPR4BR00,ABCB4,1620923911705847,15.78,15.77,15.76,15.79,15.8,15.81,400,900,1800,100,1700,700,15.8
51,132,BRABCBACNPR4BR00,ABCB4,1620923911705872,15.78,15.77,15.76,15.79,15.8,15.81,400,900,1800,100,1700,700,15.8
52,132,BRABCBACNPR4BR00,ABCB4,1620923911888468,15.78,15.77,15.76,15.8,15.81,15.82,400,900,1800,1700,700,1500,15.79
53,132,BRABCBACNPR4BR00,ABCB4,1620923911889559,15.78,15.77,15.76,15.8,15.81,15.82,400,900,1800,1700,600,1500,15.79
54,132,BRABCBACNPR4BR00,ABCB4,1620923911889574,15.78,15.77,15.76,15.8,15.81,15.82,400,900,1800,1700,600,1500,15.79
55,132,BRABCBACNPR4BR00,ABCB4,1620923911889677,15.78,15.77,15.76,15.8,15.81,15.82,400,1100,1600,1700,600,1500,15.79
56,132,BRABCBACNPR4BR00,ABCB4,1620923911889692,15.78,15.77,15.76,15.8,15.81,15.82,400,1100,1600,1700,600,1500,15.79
57,132,BRABCBACNPR4BR00,ABCB4,1620923912650816,15.78,15.77,15.76,15.8,15.81,15.82,700,1100,1600,1700,600,1500,15.79
58,132,BRABCBACNPR4BR00,ABCB4,1620923912650843,15.78,15.77,15.76,15.8,15.81,15.82,700,1100,1600,1700,600,1500,15.79
59,132,BRABCBACNPR4BR00,ABCB4,1620923914257280,15.78,15.77,15.76,15.8,15.81,15.82,400,1100,1600,1700,600,1500,15.79
60,132,BRABCBACNPR4BR00,ABCB4,1620923914258397,15.78,15.77,15.76,15.8,15.81,15.82,400,1100,1600,1800,600,1500,15.79
61,132,BRABCBACNPR4BR00,ABCB4,1620923930473565,15.78,15.77,15.76,15.79,15.8,15.81,700,900,1900,200,1800,700,15.78
62,132,BRABCBACNPR4BR00,ABCB4,1620923930474844,15.78,15.77,15.76,15.79,15.8,15.81,700,900,2100,100,1700,800,15.78
63,132,BRABCBACNPR4BR00,ABCB4,1620923930475996,15.78,15.77,15.76,15.79,15.8,15.81,400,900,2100,100,1700,800,15.78
64,132,BRABCBACNPR4BR00,ABCB4,1620923930476025,15.78,15.77,15.76,15.79,15.8,15.81,400,900,2100,100,1700,800,15.78
65,132,BRABCBACNPR4BR00,ABCB4,1620923940086797,15.78,15.77,15.76,15.79,15.8,15.81,200,900,2100,300,1800,1800,15.79
66,139,BRABEVACNOR1BR00,ABEV3,1620923733109358,16.88,16.87,16.86,16.89,16.9,16.91,25700,19400,19200,700,11900,29700,16.89
67,139,BRABEVACNOR1BR00,ABEV3,1620923733109377,16.88,16.87,16.86,16.89,16.9,16.91,25700,19400,19200,700,11900,29700,16.89
68,139,BRABEVACNOR1BR00,ABEV3,1620923733115413,16.88,16.87,16.86,16.89,16.9,16.91,25600,19400,19200,700,11900,29700,16.88
69,139,BRABEVACNOR1BR00,ABEV3,1620923733115430,16.88,16.87,16.86,16.89,16.9,16.91,25600,19400,19200,700,11900,29700,16.88
70,139,BRABEVACNOR1BR00,ABEV3,1620923733161396,16.88,16.87,16.86,16.89,16.9,16.91,25500,19400,19200,700,11900,29700,16.88
71,139,BRABEVACNOR1BR00,ABEV3,1620923733161414,16.88,16.87,16.86,16.89,16.9,16.91,25500,19400,19200,700,11900,29700,16.88
72,139,BRABEVACNOR1BR00,ABEV3,1620923733260594,16.88,16.87,16.86,16.89,16.9,16.91,25500,19400,19300,700,11900,29700,16.88
73,139,BRABEVACNOR1BR00,ABEV3,1620923733260615,16.88,16.87,16.86,16.89,16.9,16.91,25500,19400,19300,700,11900,29700,16.88
74,139,BRABEVACNOR1BR00,ABEV3,1620923733881028,16.88,16.87,16.86,16.89,16.9,16.91,25500,19400,16200,700,11900,29700,16.88
75,139,BRABEVACNOR1BR00,ABEV3,1620923733881052,16.88,16.87,16.86,16.89,16.9,16.91,25500,19400,16200,700,11900,29700,16.88
76,139,BRABEVACNOR1BR00,ABEV3,1620923735238682,16.88,16.87,16.86,16.89,16.9,16.91,25400,19400,16200,700,11900,29700,16.88
77,139,BRABEVACNOR1BR00,ABEV3,1620923735238710,16.88,16.87,16.86,16.89,16.9,16.91,25400,19400,16200,700,11900,29700,16.88
78,139,BRABEVACNOR1BR00,ABEV3,1620923735239482,16.88,16.87,16.86,16.89,16.9,16.91,25400,19400,16200,700,14600,29700,16.88
79,139,BRABEVACNOR1BR00,ABEV3,1620923735239501,16.88,16.87,16.86,16.89,16.9,16.91,25400,19400,16200,700,14600,29700,16.88
80,139,BRABEVACNOR1BR00,ABEV3,1620923735832028,16.88,16.87,16.86,16.89,16.9,16.91,25600,19400,16200,700,14600,29700,16.88
81,139,BRABEVACNOR1BR00,ABEV3,1620923735833095,16.88,16.87,16.86,16.89,16.9,16.91,25700,19400,16200,700,14600,29700,16.88
82,139,BRABEVACNOR1BR00,ABEV3,1620923738245433,16.89,16.88,16.87,16.9,16.91,16.92,2200,20700,16000,14600,29700,43300,16.89
83,139,BRABEVACNOR1BR00,ABEV3,1620923738245460,16.89,16.88,16.87,16.9,16.91,16.92,2200,20700,16000,14600,29700,43300,16.89
84,139,BRABEVACNOR1BR00,ABEV3,1620923789498720,16.88,16.87,16.86,16.89,16.9,16.91,1800,15700,13000,23500,25900,20300,16.88
85,139,BRABEVACNOR1BR00,ABEV3,1620923789498878,16.88,16.87,16.86,16.89,16.9,16.91,1000,15700,13000,23500,25900,20300,16.88
86,139,BRABEVACNOR1BR00,ABEV3,1620923789500938,16.88,16.87,16.86,16.89,16.9,16.91,1100,13300,13000,23500,25900,20300,16.88
87,139,BRABEVACNOR1BR00,ABEV3,1620923791745666,16.88,16.87,16.86,16.89,16.9,16.91,800,13600,13000,22300,25800,20300,16.88
88,139,BRABEVACNOR1BR00,ABEV3,1620923791874330,16.88,16.87,16.86,16.89,16.9,16.91,900,13600,13000,22300,25800,20300,16.88
89,139,BRABEVACNOR1BR00,ABEV3,1620923791875482,16.88,16.87,16.86,16.89,16.9,16.91,1000,13600,13000,22300,25800,20300,16.88
90,139,BRABEVACNOR1BR00,ABEV3,1620923793534208,16.88,16.87,16.86,16.89,16.9,16.91,800,13600,11400,23400,25800,20300,16.88
91,139,BRABEVACNOR1BR00,ABEV3,1620923794018334,16.88,16.87,16.86,16.89,16.9,16.91,700,13600,11400,23400,25800,20300,16.88
92,139,BRABEVACNOR1BR00,ABEV3,1620923794019612,16.88,16.87,16.86,16.89,16.9,16.91,800,13600,11400,23400,25800,20300,16.88
93,139,BRABEVACNOR1BR00,ABEV3,1620923794661943,16.87,16.86,16.85,16.89,16.9,16.91,13600,11400,26600,23400,25800,20300,16.88
94,139,BRABEVACNOR1BR00,ABEV3,1620923794661967,16.87,16.86,16.85,16.89,16.9,16.91,13600,11400,26600,23400,25800,20300,16.88
95,139,BRABEVACNOR1BR00,ABEV3,1620923794662179,16.87,16.86,16.85,16.89,16.9,16.91,13600,11400,26600,23400,25800,20300,16.88
96,139,BRABEVACNOR1BR00,ABEV3,1620923794663407,16.87,16.86,16.85,16.89,16.9,16.91,12800,11400,26600,23400,25800,20300,16.88
97,139,BRABEVACNOR1BR00,ABEV3,1620923794663426,16.87,16.86,16.85,16.89,16.9,16.91,12800,11400,26600,23400,25800,20300,16.88
98,139,BRABEVACNOR1BR00,ABEV3,1620923794663439,16.87,16.86,16.85,16.89,16.9,16.91,12800,11400,26600,23400,25800,20300,16.88
99,139,BRABEVACNOR1BR00,ABEV3,1620923794663465,16.87,16.86,16.85,16.89,16.9,16.91,12800,11400,26600,23400,25800,20300,16.88
100,139,BRABEVACNOR1BR00,ABEV3,1620923794663862,16.87,16.86,16.85,16.89,16.9,16.91,12800,11400,26600,23400,25800,20300,16.88
101,139,BRABEVACNOR1BR00,ABEV3,1620923794663916,16.87,16.86,16.85,16.89,16.9,16.91,12800,11400,26600,23400,25900,20300,16.88
102,139,BRABEVACNOR1BR00,ABEV3,1620923794664218,16.87,16.86,16.85,16.89,16.9,16.91,12800,11400,26600,23400,25900,20300,16.88
103,139,BRABEVACNOR1BR00,ABEV3,1620923794664248,16.87,16.86,16.85,16.89,16.9,16.91,12800,11400,26600,23400,25900,20300,16.88
104,139,BRABEVACNOR1BR00,ABEV3,1620923794665264,16.87,16.86,16.85,16.89,16.9,16.91,12800,11400,26600,23400,25900,22900,16.88
105,139,BRABEVACNOR1BR00,ABEV3,1620923794665289,16.87,16.86,16.85,16.89,16.9,16.91,12800,11400,26600,23400,25900,22900,16.88
106,139,BRABEVACNOR1BR00,ABEV3,1620923794681269,16.87,16.86,16.85,16.89,16.9,16.91,13500,11400,26600,23400,25900,22900,16.88
107,139,BRABEVACNOR1BR00,ABEV3,1620923794681289,16.87,16.86,16.85,16.89,16.9,16.91,13500,11400,26600,23400,25900,22900,16.88
108,139,BRABEVACNOR1BR00,ABEV3,1620923794780200,16.87,16.86,16.85,16.89,16.9,16.91,13500,11400,26600,23400,25900,24500,16.88
109,139,BRABEVACNOR1BR00,ABEV3,1620923794781437,16.87,16.86,16.85,16.89,16.9,16.91,13600,11400,26600,23400,25900,24500,16.88
110,139,BRABEVACNOR1BR00,ABEV3,1620923799877618,16.87,16.86,16.85,16.88,16.89,16.9,1000,12300,15000,18000,29500,27300,16.87
111,139,BRABEVACNOR1BR00,ABEV3,1620923799878501,16.87,16.86,16.85,16.88,16.89,16.9,1000,12300,15000,18000,29500,27300,16.87
112,139,BRABEVACNOR1BR00,ABEV3,1620923799878520,16.87,16.86,16.85,16.88,16.89,16.9,1000,12300,15000,18000,29500,27300,16.87
113,139,BRABEVACNOR1BR00,ABEV3,1620923799880975,16.87,16.86,16.85,16.88,16.89,16.9,1300,12300,15000,18000,29500,27300,16.87
114,139,BRABEVACNOR1BR00,ABEV3,1620923799880995,16.87,16.86,16.85,16.88,16.89,16.9,1300,12300,15000,18000,29500,27300,16.87
115,139,BRABEVACNOR1BR00,ABEV3,1620923800223574,16.87,16.86,16.85,16.88,16.89,16.9,1200,12300,15000,18000,29500,27300,16.87
116,139,BRABEVACNOR1BR00,ABEV3,1620923800223601,16.87,16.86,16.85,16.88,16.89,16.9,1200,12300,15000,18000,29500,27300,16.87
117,139,BRABEVACNOR1BR00,ABEV3,1620923800239553,16.86,16.85,16.84,16.88,16.89,16.9,12300,15000,47500,18000,29500,27300,16.87
118,139,BRABEVACNOR1BR00,ABEV3,1620923800239584,16.86,16.85,16.84,16.88,16.89,16.9,12300,15000,47500,18000,29500,27300,16.87
119,139,BRABEVACNOR1BR00,ABEV3,1620923800240240,16.86,16.85,16.84,16.88,16.89,16.9,12100,15000,47500,18000,29500,27300,16.87
120,139,BRABEVACNOR1BR00,ABEV3,1620923800240266,16.86,16.85,16.84,16.88,16.89,16.9,12100,15000,47500,18000,29500,27300,16.87
121,139,BRABEVACNOR1BR00,ABEV3,1620923800240303,16.86,16.85,16.84,16.88,16.89,16.9,12100,15000,47500,18000,29500,27300,16.87
122,139,BRABEVACNOR1BR00,ABEV3,1620923800240333,16.86,16.85,16.84,16.88,16.89,16.9,12100,15000,47500,18000,29500,27300,16.87
123,139,BRABEVACNOR1BR00,ABEV3,1620923800240515,16.86,16.85,16.84,16.88,16.89,16.9,12100,15000,47500,18000,29500,27300,16.87
124,139,BRABEVACNOR1BR00,ABEV3,1620923800240535,16.86,16.85,16.84,16.88,16.89,16.9,12100,15000,47500,18000,29500,27300,16.87
125,139,BRABEVACNOR1BR00,ABEV3,1620923800240800,16.86,16.85,16.84,16.88,16.89,16.9,12100,15000,47500,18000,29600,27300,16.87
126,139,BRABEVACNOR1BR00,ABEV3,1620923800240846,16.86,16.85,16.84,16.88,16.89,16.9,12100,15000,47500,18000,29600,27300,16.87
127,139,BRABEVACNOR1BR00,ABEV3,1620923800245369,16.86,16.85,16.84,16.88,16.89,16.9,12200,15000,47500,18000,29600,27300,16.87
128,139,BRABEVACNOR1BR00,ABEV3,1620923800245397,16.86,16.85,16.84,16.88,16.89,16.9,12200,15000,47500,18000,29600,27300,16.87
129,139,BRABEVACNOR1BR00,ABEV3,1620923800245893,16.86,16.85,16.84,16.88,16.89,16.9,12400,15000,47500,18000,29600,27300,16.87
130,139,BRABEVACNOR1BR00,ABEV3,1620923800245913,16.86,16.85,16.84,16.88,16.89,16.9,12400,15000,47500,18000,29600,27300,16.87
131,139,BRABEVACNOR1BR00,ABEV3,1620923800246348,16.86,16.85,16.84,16.88,16.89,16.9,12400,18100,44400,18000,29600,27300,16.87
132,139,BRABEVACNOR1BR00,ABEV3,1620923800246366,16.86,16.85,16.84,16.88,16.89,16.9,12400,18100,44400,18000,29600,27300,16.87
133,139,BRABEVACNOR1BR00,ABEV3,1620923800357805,16.86,16.85,16.84,16.88,16.89,16.9,12400,18100,44400,18000,29600,29000,16.87
134,139,BRABEVACNOR1BR00,ABEV3,1620923800358993,16.86,16.85,16.84,16.88,16.89,16.9,12500,18100,44400,18000,29600,29000,16.87
135,139,BRABEVACNOR1BR00,ABEV3,1620923811048787,16.86,16.85,16.84,16.87,16.88,16.89,700,16300,49800,19400,19700,33100,16.86
136,139,BRABEVACNOR1BR00,ABEV3,1620923811553304,16.86,16.85,16.84,16.87,16.88,16.89,700,16300,49800,19300,19700,33100,16.87
137,139,BRABEVACNOR1BR00,ABEV3,1620923811554541,16.86,16.85,16.84,16.87,16.88,16.89,800,16300,49800,19300,19700,33100,16.87
138,139,BRABEVACNOR1BR00,ABEV3,1620923816043101,16.86,16.85,16.84,16.87,16.88,16.89,13000,19000,32300,9900,17400,30500,16.86
139,139,BRABEVACNOR1BR00,ABEV3,1620923816043793,16.86,16.85,16.84,16.87,16.88,16.89,13000,15800,32300,9900,17400,30500,16.86
140,139,BRABEVACNOR1BR00,ABEV3,1620923816044990,16.86,16.85,16.84,16.87,16.88,16.89,13100,15800,35500,9900,19600,30500,16.86
141,139,BRABEVACNOR1BR00,ABEV3,1620923881975800,16.86,16.85,16.84,16.87,16.88,16.89,12900,14300,25400,8500,17100,32200,16.86
142,139,BRABEVACNOR1BR00,ABEV3,1620923882054351,16.86,16.85,16.84,16.87,16.88,16.89,12900,14300,25400,9500,17100,32200,16.86
143,139,BRABEVACNOR1BR00,ABEV3,1620923882054372,16.86,16.85,16.84,16.87,16.88,16.89,12900,14300,25400,9500,17100,32200,16.86
144,139,BRABEVACNOR1BR00,ABEV3,1620923882102026,16.86,16.85,16.84,16.87,16.88,16.89,12900,14400,25400,9500,17100,32200,16.86
145,139,BRABEVACNOR1BR00,ABEV3,1620923882103528,16.86,16.85,16.84,16.87,16.88,16.89,13000,14400,25400,9500,17100,32200,16.86
146,139,BRABEVACNOR1BR00,ABEV3,1620923912618948,16.87,16.86,16.85,16.88,16.89,16.9,3900,13200,19200,3100,20700,42300,16.87
147,139,BRABEVACNOR1BR00,ABEV3,1620923912622125,16.87,16.86,16.85,16.88,16.89,16.9,6800,19100,20700,1600,20700,40100,16.87
148,139,BRABEVACNOR1BR00,ABEV3,1620923915375993,16.88,16.87,16.86,16.89,16.9,16.91,1800,19400,21000,15400,45900,18900,16.88
149,139,BRABEVACNOR1BR00,ABEV3,1620923915377631,16.88,16.87,16.86,16.89,16.9,16.91,1900,23300,17600,13500,39800,19800,16.88
150,139,BRABEVACNOR1BR00,ABEV3,1620923925524964,16.88,16.87,16.86,16.89,16.9,16.91,14400,10100,21700,10400,29700,22600,16.88
151,139,BRABEVACNOR1BR00,ABEV3,1620923925525979,16.88,16.87,16.86,16.89,16.9,16.91,14300,10100,21700,10400,29700,22600,16.88
152,139,BRABEVACNOR1BR00,ABEV3,1620923925527427,16.88,16.87,16.86,16.89,16.9,16.91,14400,10100,21700,10400,29700,22600,16.88
153,139,BRABEVACNOR1BR00,ABEV3,1620923957376781,16.87,16.86,16.85,16.88,16.89,16.9,10500,15800,33400,1400,23600,29700,16.88
154,139,BRABEVACNOR1BR00,ABEV3,1620923957376817,16.87,16.86,16.85,16.88,16.89,16.9,10500,15800,33400,1400,23600,29700,16.88
155,139,BRABEVACNOR1BR00,ABEV3,1620923957377600,16.87,16.86,16.85,16.88,16.89,16.9,9500,15800,33400,1400,23600,29700,16.88
156,139,BRABEVACNOR1BR00,ABEV3,1620923957381246,16.87,16.86,16.85,16.88,16.89,16.9,8700,15700,33400,2400,30200,26500,16.88
157,139,BRABEVACNOR1BR00,ABEV3,1620923996038181,16.88,16.87,16.86,16.89,16.9,16.91,37800,10400,12600,33300,27700,36800,16.88
158,139,BRABEVACNOR1BR00,ABEV3,1620923996040063,16.88,16.87,16.86,16.89,16.9,16.91,41800,14200,15300,25000,27600,36800,16.88
159,139,BRABEVACNOR1BR00,ABEV3,1620924006600915,16.89,16.88,16.87,16.9,16.91,16.92,1000,36100,5400,31400,40500,30200,16.89
160,139,BRABEVACNOR1BR00,ABEV3,1620924006604429,16.89,16.88,16.87,16.9,16.91,16.92,1000,40000,10600,20000,40500,30200,16.89
161,139,BRABEVACNOR1BR00,ABEV3,1620924008174863,16.89,16.88,16.87,16.9,16.91,16.92,16400,41500,8900,1100,18200,22200,16.89
162,139,BRABEVACNOR1BR00,ABEV3,1620924008602021,16.89,16.88,16.87,16.9,16.91,16.92,19800,41500,8900,1100,18200,22200,16.89
163,139,BRABEVACNOR1BR00,ABEV3,1620924008603301,16.89,16.88,16.87,16.9,16.91,16.92,19900,41500,8900,1100,18200,22200,16.89
164,139,BRABEVACNOR1BR00,ABEV3,1620924012056465,16.91,16.89,16.88,16.92,16.93,16.94,700,18300,42100,27700,44800,27600,16.91
165,139,BRABEVACNOR1BR00,ABEV3,1620924012063142,16.91,16.9,16.89,16.92,16.93,16.94,800,2400,23000,23400,47900,26100,16.91
166,139,BRABEVACNOR1BR00,ABEV3,1620924012159909,16.91,16.9,16.89,16.92,16.93,16.94,1000,7200,20500,13800,46100,26100,16.91
167,139,BRABEVACNOR1BR00,ABEV3,1620924012160647,16.91,16.9,16.89,16.92,16.93,16.94,1000,6400,20500,13800,46100,26100,16.91
168,139,BRABEVACNOR1BR00,ABEV3,1620924012161895,16.91,16.9,16.89,16.92,16.93,16.94,500,4600,20500,13800,46100,26100,16.91
169,139,BRABEVACNOR1BR00,ABEV3,1620924012166751,16.91,16.9,16.89,16.92,16.93,16.94,800,4600,20500,13200,49500,26100,16.91
170,139,BRABEVACNOR1BR00,ABEV3,1620924012173467,16.91,16.9,16.89,16.92,16.93,16.94,800,4600,20500,11600,49500,26100,16.91
171,139,BRABEVACNOR1BR00,ABEV3,1620924012174616,16.91,16.9,16.89,16.92,16.93,16.94,900,4600,20500,11600,49500,26100,16.91
172,139,BRABEVACNOR1BR00,ABEV3,1620924012496071,16.91,16.9,16.89,16.92,16.93,16.94,5500,4700,19200,8300,49600,26100,16.91
173,139,BRABEVACNOR1BR00,ABEV3,1620924012496091,16.91,16.9,16.89,16.92,16.93,16.94,1000,4700,19200,8300,49600,26100,16.91
174,139,BRABEVACNOR1BR00,ABEV3,1620924012496123,16.91,16.9,16.89,16.92,16.93,16.94,1000,4700,19200,8300,49600,26100,16.91
175,139,BRABEVACNOR1BR00,ABEV3,1620924012496704,16.91,16.9,16.89,16.92,16.93,16.94,1000,4700,16900,8300,49600,26100,16.91
176,139,BRABEVACNOR1BR00,ABEV3,1620924012496729,16.91,16.9,16.89,16.92,16.93,16.94,1000,4700,16900,8300,49600,26100,16.91
177,139,BRABEVACNOR1BR00,ABEV3,1620924012496953,16.91,16.9,16.89,16.92,16.93,16.94,1000,4700,13700,8300,49600,26100,16.91
178,139,BRABEVACNOR1BR00,ABEV3,1620924012496982,16.91,16.9,16.89,16.92,16.93,16.94,1000,4700,13700,8300,49600,26100,16.91
179,139,BRABEVACNOR1BR00,ABEV3,1620924012500425,16.91,16.9,16.89,16.92,16.93,16.94,1000,4700,13700,9800,49600,26100,16.91
180,139,BRABEVACNOR1BR00,ABEV3,1620924012500442,16.91,16.9,16.89,16.92,16.93,16.94,1000,4700,13700,9800,49600,26100,16.91
181,139,BRABEVACNOR1BR00,ABEV3,1620924012502856,16.91,16.9,16.89,16.92,16.93,16.94,1000,4700,13700,9800,49600,26100,16.91
182,139,BRABEVACNOR1BR00,ABEV3,1620924012502882,16.91,16.9,16.89,16.92,16.93,16.94,1000,4700,13700,9800,49600,26100,16.91
183,139,BRABEVACNOR1BR00,ABEV3,1620924012527537,16.91,16.9,16.89,16.92,16.93,16.94,5900,4700,13700,9800,49600,26100,16.91
184,139,BRABEVACNOR1BR00,ABEV3,1620924012527567,16.91,16.9,16.89,16.92,16.93,16.94,5900,4700,13700,9800,49600,26100,16.91
185,139,BRABEVACNOR1BR00,ABEV3,1620924012528518,16.91,16.9,16.89,16.92,16.93,16.94,5900,4700,14700,9800,49600,26100,16.91
186,139,BRABEVACNOR1BR00,ABEV3,1620924012528539,16.91,16.9,16.89,16.92,16.93,16.94,5900,4700,14700,9800,49600,26100,16.91
187,139,BRABEVACNOR1BR00,ABEV3,1620924012603205,16.91,16.9,16.89,16.92,16.93,16.94,5900,4700,14700,9900,49600,26100,16.91
188,139,BRABEVACNOR1BR00,ABEV3,1620924012604577,16.91,16.9,16.89,16.92,16.93,16.94,6000,4700,13700,9900,49600,26100,16.91
189,139,BRABEVACNOR1BR00,ABEV3,1620924012911406,16.91,16.9,16.89,16.92,16.93,16.94,1000,6000,14600,9900,49600,26100,16.91
190,139,BRABEVACNOR1BR00,ABEV3,1620924012911944,16.91,16.9,16.89,16.92,16.93,16.94,1000,6000,14600,10700,49600,26100,16.91
191,139,BRABEVACNOR1BR00,ABEV3,1620924012913302,16.91,16.9,16.89,16.92,16.93,16.94,1100,6000,12300,10700,49600,26100,16.91
192,139,BRABEVACNOR1BR00,ABEV3,1620924017400463,16.91,16.9,16.89,16.92,16.93,16.94,7600,7700,17600,8400,37800,26100,16.91
193,139,BRABEVACNOR1BR00,ABEV3,1620924017400731,16.91,16.9,16.89,16.92,16.93,16.94,1300,7700,17600,8400,37800,26100,16.91
194,139,BRABEVACNOR1BR00,ABEV3,1620924017402424,16.91,16.9,16.89,16.92,16.93,16.94,2100,5400,12200,8400,37800,26100,16.91
195,139,BRABEVACNOR1BR00,ABEV3,1620924017650210,16.91,16.9,16.89,16.92,16.93,16.94,2000,10400,12200,11300,37800,26100,16.91
196,139,BRABEVACNOR1BR00,ABEV3,1620924017651207,16.91,16.9,16.89,16.92,16.93,16.94,7000,5400,12200,11300,37800,26100,16.91
197,139,BRABEVACNOR1BR00,ABEV3,1620924017652563,16.91,16.9,16.89,16.92,16.93,16.94,7100,5400,14500,11300,37800,26100,16.91
198,139,BRABEVACNOR1BR00,ABEV3,1620924019482627,16.91,16.9,16.89,16.92,16.93,16.94,5700,5400,14500,14300,37800,26100,16.91
199,139,BRABEVACNOR1BR00,ABEV3,1620924019483177,16.91,16.9,16.89,16.92,16.93,16.94,5700,5400,12200,14300,37800,26100,16.91
200,139,BRABEVACNOR1BR00,ABEV3,1620924019484274,16.91,16.9,16.89,16.92,16.93,16.94,5800,5400,12200,14300,37800,26100,16.91
201,139,BRABEVACNOR1BR00,ABEV3,1620924021839058,16.92,16.91,16.9,16.93,16.94,16.95,900,5300,5400,37900,26100,43300,16.92
202,139,BRABEVACNOR1BR00,ABEV3,1620924021842307,16.92,16.91,16.9,16.93,16.94,16.95,1000,9100,12300,31300,26000,43300,16.92
203,139,BRABEVACNOR1BR00,ABEV3,1620924022293353,16.92,16.91,16.9,16.93,16.94,16.95,700,4600,8100,24000,23200,49000,16.92
204,139,BRABEVACNOR1BR00,ABEV3,1620924022293519,16.92,16.91,16.9,16.93,16.94,16.95,700,4600,10400,24000,23200,49000,16.92
205,139,BRABEVACNOR1BR00,ABEV3,1620924022294818,16.92,16.91,16.9,16.93,16.94,16.95,800,4600,10400,24000,28200,45900,16.92
206,139,BRABEVACNOR1BR00,ABEV3,1620924022472840,16.91,16.9,16.89,16.93,16.94,16.95,6200,11200,15000,23400,28800,45900,16.92
207,139,BRABEVACNOR1BR00,ABEV3,1620924022473021,16.91,16.9,16.89,16.93,16.94,16.95,6200,11200,15000,23400,28800,45900,16.92
208,139,BRABEVACNOR1BR00,ABEV3,1620924022473682,16.91,16.9,16.89,16.93,16.94,16.95,6200,11200,15000,23400,28800,43300,16.92
209,139,BRABEVACNOR1BR00,ABEV3,1620924022474971,16.91,16.9,16.89,16.93,16.94,16.95,7800,11200,15000,23400,33000,43300,16.92
210,139,BRABEVACNOR1BR00,ABEV3,1620924053414318,16.91,16.9,16.89,16.92,16.93,16.94,18500,8000,18400,8100,32900,30400,16.91
211,139,BRABEVACNOR1BR00,ABEV3,1620924053416740,16.91,16.9,16.89,16.92,16.93,16.94,18900,8000,18400,8100,32900,30400,16.91
212,139,BRABEVACNOR1BR00,ABEV3,1620924053417876,16.91,16.9,16.89,16.92,16.93,16.94,19000,8000,18400,8100,32900,30400,16.91
213,139,BRABEVACNOR1BR00,ABEV3,1620924065351674,16.91,16.9,16.89,16.92,16.93,16.94,2000,8200,20200,5600,33100,30400,16.91
214,139,BRABEVACNOR1BR00,ABEV3,1620924065352292,16.91,16.9,16.89,16.92,16.93,16.94,2000,8200,20000,5600,33100,30400,16.91
215,139,BRABEVACNOR1BR00,ABEV3,1620924065353490,16.91,16.9,16.89,16.92,16.93,16.94,2100,6700,12000,9500,33100,30400,16.91
216,139,BRABEVACNOR1BR00,ABEV3,1620924065518041,16.91,16.9,16.89,16.92,16.93,16.94,2000,6900,12000,9500,33100,30400,16.91
217,439,BRALPAACNPR7BR00,ALPA4,1620923734118642,44.73,44.72,44.71,44.75,44.76,44.78,700,200,300,1200,200,300,44.75
218,439,BRALPAACNPR7BR00,ALPA4,1620923734118660,44.73,44.72,44.71,44.75,44.76,44.78,700,200,300,1200,200,300,44.75
219,439,BRALPAACNPR7BR00,ALPA4,1620923739598016,44.73,44.72,44.71,44.75,44.76,44.78,700,200,300,1200,200,300,44.75
220,439,BRALPAACNPR7BR00,ALPA4,1620923739598046,44.73,44.72,44.71,44.75,44.76,44.78,700,200,300,1200,200,300,44.75
221,439,BRALPAACNPR7BR00,ALPA4,1620923745815374,44.73,44.72,44.71,44.75,44.76,44.78,700,200,300,1200,200,300,44.75
222,439,BRALPAACNPR7BR00,ALPA4,1620923745816643,44.73,44.72,44.71,44.75,44.76,44.78,700,200,300,1300,200,300,44.75
223,439,BRALPAACNPR7BR00,ALPA4,1620923746002082,44.73,44.72,44.71,44.74,44.75,44.76,700,200,300,100,1300,200,44.75
224,439,BRALPAACNPR7BR00,ALPA4,1620923746003524,44.73,44.72,44.71,44.74,44.75,44.76,700,200,300,200,1200,200,44.75
225,439,BRALPAACNPR7BR00,ALPA4,1620923748215693,44.73,44.72,44.71,44.75,44.76,44.78,700,200,300,600,100,300,44.74
226,439,BRALPAACNPR7BR00,ALPA4,1620923748215803,44.73,44.72,44.71,44.75,44.76,44.78,700,200,300,600,100,300,44.74
227,439,BRALPAACNPR7BR00,ALPA4,1620923748216647,44.73,44.72,44.71,44.75,44.76,44.78,700,300,300,600,100,300,44.74
228,439,BRALPAACNPR7BR00,ALPA4,1620923748218136,44.74,44.73,44.72,44.75,44.76,44.78,300,700,400,700,100,200,44.74
229,439,BRALPAACNPR7BR00,ALPA4,1620923748267361,44.73,44.72,44.71,44.74,44.75,44.76,800,400,300,100,700,100,44.74
230,439,BRALPAACNPR7BR00,ALPA4,1620923748268564,44.73,44.72,44.71,44.74,44.75,44.76,700,400,300,200,600,100,44.74
231,439,BRALPAACNPR7BR00,ALPA4,1620923760819043,44.73,44.72,44.71,44.74,44.75,44.76,400,300,1500,400,500,200,44.74
232,439,BRALPAACNPR7BR00,ALPA4,1620923760819491,44.73,44.72,44.71,44.74,44.75,44.76,400,300,1500,400,500,100,44.74
233,439,BRALPAACNPR7BR00,ALPA4,1620923760819520,44.73,44.72,44.71,44.74,44.75,44.76,400,300,1500,400,500,100,44.74
234,439,BRALPAACNPR7BR00,ALPA4,1620923760819937,44.73,44.72,44.71,44.75,44.76,44.77,400,300,1500,500,100,100,44.74
235,439,BRALPAACNPR7BR00,ALPA4,1620923760819961,44.73,44.72,44.71,44.75,44.76,44.77,400,300,1500,500,100,100,44.74
236,439,BRALPAACNPR7BR00,ALPA4,1620923760820719,44.73,44.72,44.71,44.75,44.77,44.78,400,300,1500,500,100,200,44.74
237,439,BRALPAACNPR7BR00,ALPA4,1620923760820740,44.73,44.72,44.71,44.75,44.77,44.78,400,300,1500,500,100,200,44.74
238,439,BRALPAACNPR7BR00,ALPA4,1620923760820953,44.74,44.73,44.72,44.75,44.77,44.78,100,400,300,500,100,200,44.74
239,439,BRALPAACNPR7BR00,ALPA4,1620923760820978,44.74,44.73,44.72,44.75,44.77,44.78,100,400,300,500,100,200,44.74
240,439,BRALPAACNPR7BR00,ALPA4,1620923760821758,44.74,44.73,44.72,44.75,44.77,44.78,100,400,400,500,100,200,44.74
241,439,BRALPAACNPR7BR00,ALPA4,1620923760821784,44.74,44.73,44.72,44.75,44.77,44.78,100,400,400,500,100,200,44.74
242,439,BRALPAACNPR7BR00,ALPA4,1620923760822365,44.73,44.72,44.71,44.75,44.77,44.78,400,400,1500,500,100,200,44.74
243,439,BRALPAACNPR7BR00,ALPA4,1620923760822384,44.73,44.72,44.71,44.75,44.77,44.78,400,400,1500,500,100,200,44.74
244,439,BRALPAACNPR7BR00,ALPA4,1620923760822946,44.73,44.72,44.71,44.75,44.77,44.78,400,300,1500,500,100,200,44.74
245,439,BRALPAACNPR7BR00,ALPA4,1620923760822964,44.73,44.72,44.71,44.75,44.77,44.78,400,300,1500,500,100,200,44.74
246,439,BRALPAACNPR7BR00,ALPA4,1620923760823262,44.73,44.72,44.71,44.75,44.77,44.78,700,300,1500,500,100,200,44.74
247,439,BRALPAACNPR7BR00,ALPA4,1620923760823289,44.73,44.72,44.71,44.75,44.77,44.78,700,300,1500,500,100,200,44.74
248,439,BRALPAACNPR7BR00,ALPA4,1620923760824034,44.73,44.72,44.71,44.75,44.77,44.78,700,300,1600,500,100,200,44.74
249,439,BRALPAACNPR7BR00,ALPA4,1620923760824053,44.73,44.72,44.71,44.75,44.77,44.78,700,300,1600,500,100,200,44.74
250,439,BRALPAACNPR7BR00,ALPA4,1620923760837292,44.73,44.72,44.71,44.75,44.77,44.78,700,300,1600,500,100,300,44.74
251,439,BRALPAACNPR7BR00,ALPA4,1620923760837313,44.73,44.72,44.71,44.75,44.77,44.78,700,300,1600,500,100,300,44.74
252,439,BRALPAACNPR7BR00,ALPA4,1620923760837356,44.73,44.72,44.71,44.75,44.77,44.78,800,300,1600,500,100,300,44.74
253,439,BRALPAACNPR7BR00,ALPA4,1620923760837374,44.73,44.72,44.71,44.75,44.77,44.78,800,300,1600,500,100,300,44.74
254,439,BRALPAACNPR7BR00,ALPA4,1620923760847255,44.73,44.72,44.71,44.75,44.78,44.79,800,300,1600,600,300,500,44.74
255,439,BRALPAACNPR7BR00,ALPA4,1620923760847273,44.73,44.72,44.71,44.75,44.78,44.79,800,300,1600,600,300,500,44.74
256,439,BRALPAACNPR7BR00,ALPA4,1620923761323737,44.73,44.72,44.71,44.75,44.78,44.79,800,300,1600,800,300,500,44.74
257,439,BRALPAACNPR7BR00,ALPA4,1620923761323771,44.73,44.72,44.71,44.75,44.78,44.79,800,300,1600,800,300,500,44.74
258,439,BRALPAACNPR7BR00,ALPA4,1620923761488536,44.73,44.72,44.71,44.75,44.78,44.79,800,300,1600,800,300,400,44.74
259,439,BRALPAACNPR7BR00,ALPA4,1620923761488555,44.73,44.72,44.71,44.75,44.78,44.79,800,300,1600,800,300,400,44.74
260,439,BRALPAACNPR7BR00,ALPA4,1620923761660848,44.73,44.72,44.71,44.75,44.78,44.79,800,300,1600,200,300,400,44.75
261,439,BRALPAACNPR7BR00,ALPA4,1620923761660874,44.73,44.72,44.71,44.75,44.78,44.79,800,300,1600,200,300,400,44.75
262,439,BRALPAACNPR7BR00,ALPA4,1620923761661580,44.73,44.72,44.71,44.75,44.78,44.79,800,300,1600,200,200,400,44.75
263,439,BRALPAACNPR7BR00,ALPA4,1620923761661598,44.73,44.72,44.71,44.75,44.78,44.79,800,300,1600,200,200,400,44.75
264,439,BRALPAACNPR7BR00,ALPA4,1620923761661918,44.73,44.72,44.71,44.78,44.79,44.8,800,300,1600,200,400,400,44.75
265,439,BRALPAACNPR7BR00,ALPA4,1620923761661936,44.73,44.72,44.71,44.78,44.79,44.8,800,300,1600,200,400,400,44.75
266,439,BRALPAACNPR7BR00,ALPA4,1620923761662076,44.74,44.73,44.72,44.78,44.79,44.8,100,800,300,200,400,400,44.75
267,439,BRALPAACNPR7BR00,ALPA4,1620923761662096,44.74,44.73,44.72,44.78,44.79,44.8,100,800,300,200,400,400,44.75
268,439,BRALPAACNPR7BR00,ALPA4,1620923761662648,44.74,44.73,44.72,44.78,44.79,44.8,100,800,300,200,300,400,44.75
269,439,BRALPAACNPR7BR00,ALPA4,1620923761662674,44.74,44.73,44.72,44.78,44.79,44.8,100,800,300,200,300,400,44.75
270,439,BRALPAACNPR7BR00,ALPA4,1620923761663003,44.74,44.73,44.72,44.78,44.79,44.8,100,900,300,200,300,400,44.75
271,439,BRALPAACNPR7BR00,ALPA4,1620923761663035,44.74,44.73,44.72,44.78,44.79,44.8,100,900,300,300,300,400,44.75
272,439,BRALPAACNPR7BR00,ALPA4,1620923761663083,44.74,44.73,44.72,44.78,44.79,44.8,100,600,300,300,300,400,44.75
273,439,BRALPAACNPR7BR00,ALPA4,1620923761663111,44.74,44.73,44.72,44.78,44.79,44.8,100,600,300,300,300,400,44.75
274,439,BRALPAACNPR7BR00,ALPA4,1620923761663161,44.74,44.73,44.72,44.78,44.79,44.8,100,600,300,300,300,400,44.75
275,439,BRALPAACNPR7BR00,ALPA4,1620923761663206,44.74,44.73,44.72,44.78,44.79,44.8,300,600,300,300,400,400,44.75
276,439,BRALPAACNPR7BR00,ALPA4,1620923761663262,44.74,44.73,44.72,44.78,44.79,44.8,600,600,300,300,400,400,44.75
277,439,BRALPAACNPR7BR00,ALPA4,1620923761663282,44.74,44.73,44.72,44.78,44.79,44.8,600,600,300,300,400,400,44.75
278,439,BRALPAACNPR7BR00,ALPA4,1620923761663765,44.74,44.73,44.72,44.78,44.79,44.8,600,600,300,300,300,400,44.75
279,439,BRALPAACNPR7BR00,ALPA4,1620923761663782,44.74,44.73,44.72,44.78,44.79,44.8,600,600,300,300,300,400,44.75
280,439,BRALPAACNPR7BR00,ALPA4,1620923761664202,44.74,44.73,44.72,44.78,44.79,44.8,700,600,300,300,300,400,44.75
281,439,BRALPAACNPR7BR00,ALPA4,1620923761664221,44.74,44.73,44.72,44.78,44.79,44.8,700,600,300,300,300,400,44.75
282,439,BRALPAACNPR7BR00,ALPA4,1620923761665050,44.75,44.74,44.73,44.78,44.79,44.8,300,700,600,300,300,400,44.75
283,439,BRALPAACNPR7BR00,ALPA4,1620923761665071,44.75,44.74,44.73,44.78,44.79,44.8,300,700,600,300,300,400,44.75
284,439,BRALPAACNPR7BR00,ALPA4,1620923761666415,44.76,44.75,44.74,44.78,44.79,44.8,100,300,700,300,300,400,44.75
285,439,BRALPAACNPR7BR00,ALPA4,1620923761666437,44.76,44.75,44.74,44.78,44.79,44.8,100,300,700,300,300,400,44.75
286,439,BRALPAACNPR7BR00,ALPA4,1620923761666472,44.76,44.75,44.74,44.78,44.79,44.8,100,300,800,300,300,400,44.75
287,439,BRALPAACNPR7BR00,ALPA4,1620923761666490,44.76,44.75,44.74,44.78,44.79,44.8,100,300,800,300,300,400,44.75
288,439,BRALPAACNPR7BR00,ALPA4,1620923761667038,44.76,44.75,44.74,44.78,44.79,44.8,100,300,500,300,300,400,44.75
289,439,BRALPAACNPR7BR00,ALPA4,1620923761667075,44.76,44.75,44.74,44.78,44.79,44.8,100,300,500,300,300,400,44.75
290,439,BRALPAACNPR7BR00,ALPA4,1620923761667086,44.75,44.74,44.73,44.78,44.79,44.8,300,500,600,300,300,400,44.75
291,439,BRALPAACNPR7BR00,ALPA4,1620923761667106,44.75,44.74,44.73,44.78,44.79,44.8,300,500,600,300,300,400,44.75
292,439,BRALPAACNPR7BR00,ALPA4,1620923761667204,44.75,44.74,44.73,44.78,44.79,44.8,300,500,700,300,300,400,44.75
293,439,BRALPAACNPR7BR00,ALPA4,1620923761667222,44.75,44.74,44.73,44.78,44.79,44.8,300,500,700,300,300,400,44.75
294,439,BRALPAACNPR7BR00,ALPA4,1620923761668444,44.75,44.74,44.73,44.78,44.79,44.8,300,500,600,300,300,400,44.75
295,439,BRALPAACNPR7BR00,ALPA4,1620923761668462,44.75,44.74,44.73,44.78,44.79,44.8,300,500,600,300,300,400,44.75
296,439,BRALPAACNPR7BR00,ALPA4,1620923761681167,44.75,44.74,44.73,44.78,44.79,44.8,300,500,600,300,300,400,44.75
297,439,BRALPAACNPR7BR00,ALPA4,1620923761681187,44.75,44.74,44.73,44.78,44.79,44.8,300,500,600,300,300,400,44.75
298,439,BRALPAACNPR7BR00,ALPA4,1620923761780286,44.75,44.74,44.73,44.78,44.79,44.8,300,500,600,100,300,400,44.75
299,439,BRALPAACNPR7BR00,ALPA4,1620923761780327,44.75,44.74,44.73,44.78,44.79,44.8,300,500,600,100,300,400,44.75
300,439,BRALPAACNPR7BR00,ALPA4,1620923762103646,44.75,44.74,44.73,44.78,44.79,44.8,500,500,600,100,300,400,44.75
301,439,BRALPAACNPR7BR00,ALPA4,1620923762105269,44.76,44.75,44.74,44.78,44.79,44.8,100,500,600,200,300,400,44.75
302,439,BRALPAACNPR7BR00,ALPA4,1620923762105483,44.76,44.75,44.74,44.78,44.79,44.8,100,600,600,100,300,400,44.75
303,439,BRALPAACNPR7BR00,ALPA4,1620923762106946,44.76,44.75,44.74,44.79,44.8,44.81,200,600,600,200,400,200,44.75
304,439,BRALPAACNPR7BR00,ALPA4,1620923762208667,44.76,44.75,44.74,44.8,44.81,44.82,200,300,600,400,200,300,44.79
305,439,BRALPAACNPR7BR00,ALPA4,1620923762208834,44.76,44.75,44.74,44.8,44.81,44.82,200,300,600,400,200,300,44.79
306,439,BRALPAACNPR7BR00,ALPA4,1620923762209362,44.76,44.75,44.74,44.8,44.81,44.82,200,300,600,400,200,200,44.79
307,439,BRALPAACNPR7BR00,ALPA4,1620923762210501,44.76,44.75,44.74,44.8,44.81,44.82,200,300,600,500,200,200,44.79
308,439,BRALPAACNPR7BR00,ALPA4,1620923762260386,44.76,44.75,44.74,44.79,44.8,44.81,200,300,600,300,500,200,44.79
309,439,BRALPAACNPR7BR00,ALPA4,1620923762261592,44.76,44.75,44.74,44.79,44.8,44.81,200,300,600,700,400,200,44.79
310,439,BRALPAACNPR7BR00,ALPA4,1620923762262345,44.76,44.75,44.74,44.78,44.79,44.8,200,300,600,100,700,400,44.79
311,439,BRALPAACNPR7BR00,ALPA4,1620923762263994,44.75,44.74,44.73,44.78,44.79,44.8,500,500,600,200,600,400,44.79
312,439,BRALPAACNPR7BR00,ALPA4,1620923762264741,44.75,44.74,44.73,44.78,44.79,44.8,500,500,600,100,300,400,44.79
313,439,BRALPAACNPR7BR00,ALPA4,1620923762265957,44.75,44.74,44.73,44.79,44.8,44.81,600,500,700,400,400,200,44.79
314,439,BRALPAACNPR7BR00,ALPA4,1620923769230401,44.79,44.76,44.75,44.8,44.81,44.82,200,700,300,100,200,400,44.79
315,439,BRALPAACNPR7BR00,ALPA4,1620923769230581,44.79,44.76,44.75,44.8,44.81,44.82,200,700,300,100,200,400,44.79
316,439,BRALPAACNPR7BR00,ALPA4,1620923769231055,44.79,44.76,44.75,44.8,44.81,44.82,200,700,300,100,200,300,44.79
317,439,BRALPAACNPR7BR00,ALPA4,1620923769232375,44.79,44.77,44.76,44.8,44.81,44.82,200,100,800,100,100,100,44.79
318,439,BRALPAACNPR7BR00,ALPA4,1620923769232446,44.79,44.77,44.76,44.8,44.81,44.82,200,100,800,100,100,100,44.79
319,439,BRALPAACNPR7BR00,ALPA4,1620923769233631,44.79,44.77,44.76,44.81,44.82,44.83,200,100,800,200,100,200,44.79
320,439,BRALPAACNPR7BR00,ALPA4,1620923836725620,44.8,44.79,44.76,44.81,44.83,44.84,700,1000,500,900,100,400,44.8
321,439,BRALPAACNPR7BR00,ALPA4,1620923836725712,44.8,44.79,44.76,44.83,44.84,44.85,700,1000,500,100,400,300,44.81
322,439,BRALPAACNPR7BR00,ALPA4,1620923836727208,44.8,44.79,44.76,44.83,44.84,44.85,700,1000,600,200,300,200,44.81
323,439,BRALPAACNPR7BR00,ALPA4,1620923836727307,44.81,44.8,44.79,44.83,44.84,44.85,400,700,1000,100,300,200,44.81
324,439,BRALPAACNPR7BR00,ALPA4,1620923836727342,44.81,44.8,44.79,44.83,44.84,44.85,400,700,1000,100,300,200,44.81
325,439,BRALPAACNPR7BR00,ALPA4,1620923836729261,44.81,44.8,44.79,44.83,44.85,44.86,500,700,1100,100,100,1100,44.81
326,439,BRALPAACNPR7BR00,ALPA4,1620923836729286,44.81,44.8,44.79,44.83,44.85,44.86,500,700,1100,100,100,1100,44.81
327,439,BRALPAACNPR7BR00,ALPA4,1620923838124335,44.81,44.8,44.79,44.83,44.85,44.86,300,500,1000,300,100,1100,44.83
328,439,BRALPAACNPR7BR00,ALPA4,1620923838125045,44.81,44.8,44.79,44.83,44.85,44.86,400,500,1000,300,100,1100,44.83
329,439,BRALPAACNPR7BR00,ALPA4,1620923838126160,44.81,44.8,44.79,44.83,44.85,44.86,400,500,1000,400,100,1100,44.83
330,439,BRALPAACNPR7BR00,ALPA4,1620923846067831,44.82,44.81,44.8,44.85,44.86,44.87,800,600,1300,200,1100,300,44.83
331,439,BRALPAACNPR7BR00,ALPA4,1620923846068031,44.82,44.81,44.8,44.85,44.86,44.87,800,600,1300,200,1100,300,44.83
332,439,BRALPAACNPR7BR00,ALPA4,1620923846068607,44.82,44.81,44.8,44.85,44.86,44.87,800,600,1300,200,1100,200,44.83
333,439,BRALPAACNPR7BR00,ALPA4,1620923846069833,44.83,44.82,44.81,44.85,44.86,44.87,300,800,600,200,1100,200,44.83
334,439,BRALPAACNPR7BR00,ALPA4,1620923871569562,44.83,44.82,44.81,44.84,44.85,44.86,1100,400,300,600,300,1200,44.84
335,439,BRALPAACNPR7BR00,ALPA4,1620923871571553,44.81,44.8,44.79,44.84,44.85,44.86,100,1200,300,800,300,1300,44.82
336,439,BRALPAACNPR7BR00,ALPA4,1620923871573057,44.81,44.8,44.79,44.83,44.84,44.85,100,1200,300,300,1100,400,44.82
337,439,BRALPAACNPR7BR00,ALPA4,1620923871574335,44.8,44.79,44.76,44.83,44.84,44.85,1200,300,1500,600,1000,400,44.81
338,439,BRALPAACNPR7BR00,ALPA4,1620923871577493,44.8,44.79,44.76,44.82,44.83,44.84,1200,300,1500,300,600,800,44.81
339,439,BRALPAACNPR7BR00,ALPA4,1620923871578608,44.8,44.79,44.76,44.82,44.83,44.84,1200,300,500,400,300,800,44.81
340,439,BRALPAACNPR7BR00,ALPA4,1620923871775603,44.8,44.79,44.76,44.82,44.83,44.84,1200,300,500,100,300,800,44.81
341,439,BRALPAACNPR7BR00,ALPA4,1620923871776848,44.8,44.79,44.76,44.83,44.84,44.85,1200,300,500,400,800,400,44.81
342,439,BRALPAACNPR7BR00,ALPA4,1620923876222101,44.8,44.79,44.77,44.82,44.83,44.84,1300,300,200,100,1200,1100,44.81
343,439,BRALPAACNPR7BR00,ALPA4,1620923876223376,44.8,44.79,44.77,44.82,44.83,44.84,1300,300,200,400,1100,1100,44.81
344,439,BRALPAACNPR7BR00,ALPA4,1620923904067448,44.8,44.79,44.77,44.82,44.83,44.84,1800,400,200,100,500,700,44.82
345,439,BRALPAACNPR7BR00,ALPA4,1620923904067601,44.8,44.79,44.77,44.82,44.83,44.84,1800,400,200,100,500,700,44.82
346,439,BRALPAACNPR7BR00,ALPA4,1620923904068161,44.8,44.79,44.77,44.82,44.83,44.84,1800,400,200,100,500,700,44.82
347,439,BRALPAACNPR7BR00,ALPA4,1620923904069485,44.81,44.8,44.79,44.82,44.85,44.86,300,1800,400,100,100,1100,44.84
348,439,BRALPAACNPR7BR00,ALPA4,1620923904070060,44.81,44.8,44.79,44.82,44.85,44.86,300,1800,400,100,100,1100,44.84
349,439,BRALPAACNPR7BR00,ALPA4,1620923904070358,44.81,44.8,44.79,44.82,44.85,44.86,300,1800,400,100,100,1200,44.84
350,439,BRALPAACNPR7BR00,ALPA4,1620923904071680,44.81,44.8,44.79,44.82,44.87,44.88,600,2000,400,100,100,200,44.86
351,439,BRALPAACNPR7BR00,ALPA4,1620923904071803,44.81,44.8,44.79,44.87,44.88,44.89,600,1900,400,100,200,1200,44.82
352,439,BRALPAACNPR7BR00,ALPA4,1620923904071964,44.81,44.8,44.79,44.87,44.88,44.89,600,1900,400,100,200,100,44.82
353,439,BRALPAACNPR7BR00,ALPA4,1620923904072594,44.81,44.8,44.79,44.87,44.88,44.89,600,1900,400,200,200,100,44.82
354,439,BRALPAACNPR7BR00,ALPA4,1620923904073832,44.81,44.8,44.79,44.87,44.88,44.89,600,1900,400,200,200,400,44.82
355,439,BRALPAACNPR7BR00,ALPA4,1620923904441922,44.82,44.81,44.8,44.87,44.88,44.89,600,900,1700,100,200,500,44.82
356,439,BRALPAACNPR7BR00,ALPA4,1620923904443103,44.82,44.81,44.8,44.88,44.89,44.9,600,900,1700,200,500,500,44.82
357,439,BRALPAACNPR7BR00,ALPA4,1620923904477994,44.82,44.81,44.8,44.86,44.88,44.89,600,900,1700,100,200,500,44.82
358,439,BRALPAACNPR7BR00,ALPA4,1620923904478016,44.82,44.81,44.8,44.86,44.88,44.89,600,900,1700,100,200,500,44.82
359,439,BRALPAACNPR7BR00,ALPA4,1620923929805464,44.84,44.83,44.82,44.88,44.89,44.9,400,1000,500,100,100,500,44.86
360,439,BRALPAACNPR7BR00,ALPA4,1620923929806735,44.84,44.83,44.82,44.89,44.9,44.91,700,1000,500,200,500,1100,44.86
361,439,BRALPAACNPR7BR00,ALPA4,1620923929809108,44.85,44.84,44.83,44.88,44.89,44.9,300,700,1000,300,600,500,44.86
362,439,BRALPAACNPR7BR00,ALPA4,1620923929810375,44.85,44.84,44.83,44.88,44.89,44.9,300,200,1000,700,500,500,44.86
363,439,BRALPAACNPR7BR00,ALPA4,1620923929811072,44.84,44.83,44.82,44.87,44.88,44.89,200,1000,600,300,700,500,44.86
364,439,BRALPAACNPR7BR00,ALPA4,1620923929812226,44.84,44.83,44.82,44.87,44.88,44.89,200,1000,600,400,700,500,44.86
365,439,BRALPAACNPR7BR00,ALPA4,1620923930308632,44.84,44.83,44.82,44.87,44.89,44.9,500,800,600,100,200,500,44.86
366,439,BRALPAACNPR7BR00,ALPA4,1620923930309918,44.84,44.83,44.82,44.89,44.9,44.91,500,800,600,300,500,1200,44.86
367,439,BRALPAACNPR7BR00,ALPA4,1620923930311710,44.85,44.84,44.83,44.87,44.89,44.9,300,500,800,200,500,500,44.86
368,439,BRALPAACNPR7BR00,ALPA4,1620923930312928,44.85,44.84,44.83,44.87,44.89,44.9,500,500,800,500,400,600,44.86
369,439,BRALPAACNPR7BR00,ALPA4,1620923936709372,44.85,44.84,44.83,44.89,44.9,44.91,1100,500,400,200,500,1300,44.87
370,439,BRALPAACNPR7BR00,ALPA4,1620923936709578,44.85,44.84,44.83,44.89,44.9,44.91,1100,500,400,200,500,1300,44.87
371,439,BRALPAACNPR7BR00,ALPA4,1620923936710263,44.85,44.84,44.83,44.89,44.9,44.91,1100,500,400,100,500,1300,44.87
372,439,BRALPAACNPR7BR00,ALPA4,1620923936711758,44.86,44.85,44.84,44.89,44.9,44.91,600,1200,500,400,300,1100,44.87
373,439,BRALPAACNPR7BR00,ALPA4,1620923940256384,44.86,44.85,44.84,44.88,44.89,44.9,600,800,600,100,300,400,44.89
374,439,BRALPAACNPR7BR00,ALPA4,1620923940256412,44.86,44.85,44.84,44.88,44.89,44.9,600,800,600,100,300,400,44.89
375,439,BRALPAACNPR7BR00,ALPA4,1620923940727331,44.86,44.85,44.84,44.89,44.9,44.91,700,800,600,100,400,1100,44.88
376,439,BRALPAACNPR7BR00,ALPA4,1620923940728612,44.86,44.85,44.84,44.9,44.91,44.92,700,800,600,400,1100,600,44.88
377,439,BRALPAACNPR7BR00,ALPA4,1620923940746137,44.86,44.85,44.84,44.89,44.9,44.91,700,800,600,100,400,1100,44.88
378,439,BRALPAACNPR7BR00,ALPA4,1620923940747389,44.86,44.85,44.84,44.89,44.9,44.91,700,800,600,200,300,1400,44.88
379,439,BRALPAACNPR7BR00,ALPA4,1620923945508805,44.87,44.86,44.85,44.9,44.91,44.92,700,600,700,300,1100,300,44.89
380,439,BRALPAACNPR7BR00,ALPA4,1620923945509014,44.87,44.86,44.85,44.9,44.91,44.92,700,600,700,300,1100,300,44.89
381,439,BRALPAACNPR7BR00,ALPA4,1620923945509488,44.87,44.86,44.85,44.9,44.91,44.92,700,600,700,300,1100,200,44.89
382,439,BRALPAACNPR7BR00,ALPA4,1620923945510710,44.87,44.86,44.85,44.9,44.91,44.92,700,600,700,400,1100,200,44.89
383,439,BRALPAACNPR7BR00,ALPA4,1620923970179495,44.87,44.86,44.85,44.89,44.9,44.91,500,400,400,800,400,900,44.88
384,439,BRALPAACNPR7BR00,ALPA4,1620923970181180,44.86,44.85,44.84,44.89,44.9,44.91,200,400,200,1200,300,900,44.87
385,439,BRALPAACNPR7BR00,ALPA4,1620923970181829,44.85,44.84,44.83,44.88,44.89,44.9,400,200,300,100,1400,400,44.87
386,439,BRALPAACNPR7BR00,ALPA4,1620923970182931,44.85,44.84,44.83,44.88,44.89,44.9,400,200,300,600,1300,400,44.87
387,439,BRALPAACNPR7BR00,ALPA4,1620923970183805,44.85,44.84,44.83,44.87,44.88,44.89,400,200,300,300,600,1400,44.87
388,439,BRALPAACNPR7BR00,ALPA4,1620923970185023,44.85,44.84,44.83,44.87,44.88,44.89,400,200,300,500,500,1400,44.87
389,439,BRALPAACNPR7BR00,ALPA4,1620923970299580,44.85,44.84,44.83,44.87,44.88,44.89,400,200,300,100,100,1400,44.87
390,439,BRALPAACNPR7BR00,ALPA4,1620923970300836,44.85,44.84,44.83,44.88,44.89,44.9,200,200,300,300,1100,400,44.87
391,439,BRALPAACNPR7BR00,ALPA4,1620923970301961,44.85,44.84,44.83,44.88,44.89,44.9,200,200,300,100,1100,400,44.88
392,439,BRALPAACNPR7BR00,ALPA4,1620923970303195,44.87,44.85,44.84,44.89,44.9,44.91,100,300,200,1500,400,900,44.88
393,439,BRALPAACNPR7BR00,ALPA4,1620923970697429,44.85,44.84,44.83,44.88,44.89,44.9,200,200,300,100,2100,300,44.87
394,439,BRALPAACNPR7BR00,ALPA4,1620923970698842,44.85,44.84,44.83,44.87,44.88,44.89,200,200,300,100,700,2000,44.87
395,439,BRALPAACNPR7BR00,ALPA4,1620923970967647,44.85,44.83,44.82,44.87,44.88,44.89,200,300,300,100,800,2100,44.87
396,439,BRALPAACNPR7BR00,ALPA4,1620923970968977,44.85,44.83,44.82,44.87,44.88,44.89,200,300,300,700,400,2100,44.87
397,439,BRALPAACNPR7BR00,ALPA4,1620923984494109,44.83,44.82,44.81,44.86,44.87,44.88,900,300,2100,300,1700,500,44.85
398,439,BRALPAACNPR7BR00,ALPA4,1620923984495375,44.83,44.82,44.81,44.85,44.86,44.87,900,300,1800,100,600,1400,44.85
399,439,BRALPAACNPR7BR00,ALPA4,1620923984495457,44.83,44.82,44.81,44.85,44.86,44.87,900,300,1800,100,700,1400,44.85
400,439,BRALPAACNPR7BR00,ALPA4,1620923984496608,44.83,44.82,44.81,44.85,44.86,44.87,900,300,1700,100,500,1400,44.85
401,439,BRALPAACNPR7BR00,ALPA4,1620923984496962,44.83,44.82,44.81,44.85,44.86,44.87,900,300,1700,100,600,1400,44.85
402,439,BRALPAACNPR7BR00,ALPA4,1620923984498150,44.83,44.82,44.81,44.86,44.87,44.88,900,300,1700,700,1400,500,44.85
403,439,BRALPAACNPR7BR00,ALPA4,1620923984996731,44.83,44.82,44.81,44.85,44.86,44.87,700,100,1700,100,1300,800,44.85
404,439,BRALPAACNPR7BR00,ALPA4,1620923984998123,44.83,44.82,44.81,44.85,44.86,44.87,700,100,1700,300,1000,800,44.85
405,439,BRALPAACNPR7BR00,ALPA4,1620923992374775,44.84,44.83,44.82,44.85,44.86,44.87,100,1100,300,900,200,1200,44.85
406,439,BRALPAACNPR7BR00,ALPA4,1620923992376102,44.84,44.83,44.82,44.85,44.86,44.87,200,1100,300,800,300,1200,44.85
407,439,BRALPAACNPR7BR00,ALPA4,1620923992378334,44.84,44.83,44.82,44.87,44.88,44.89,200,1100,400,1100,400,1100,44.86
408,439,BRALPAACNPR7BR00,ALPA4,1620923992378647,44.84,44.83,44.82,44.87,44.88,44.89,200,1100,400,1100,400,1100,44.86
409,439,BRALPAACNPR7BR00,ALPA4,1620923992379013,44.84,44.83,44.82,44.87,44.88,44.89,200,1100,400,100,400,1100,44.87
410,439,BRALPAACNPR7BR00,ALPA4,1620923992380137,44.84,44.83,44.82,44.87,44.88,44.89,500,1100,400,200,100,1100,44.87
411,439,BRALPAACNPR7BR00,ALPA4,1620923993037576,44.86,44.85,44.84,44.87,44.89,44.9,100,400,100,700,1100,300,44.87
412,439,BRALPAACNPR7BR00,ALPA4,1620923993038821,44.86,44.85,44.84,44.87,44.88,44.89,100,300,100,600,100,1100,44.87
413,439,BRALPAACNPR7BR00,ALPA4,1620924000211734,44.84,44.83,44.82,44.87,44.88,44.89,100,1100,300,100,800,1000,44.86
414,439,BRALPAACNPR7BR00,ALPA4,1620924000213088,44.84,44.83,44.82,44.87,44.88,44.89,400,1100,300,700,700,1000,44.86
415,439,BRALPAACNPR7BR00,ALPA4,1620924000294804,44.84,44.83,44.82,44.86,44.87,44.88,400,1100,300,200,700,700,44.86
416,439,BRALPAACNPR7BR00,ALPA4,1620924000296146,44.84,44.83,44.82,44.86,44.87,44.88,200,1100,300,300,300,700,44.86
417,439,BRALPAACNPR7BR00,ALPA4,1620924005223437,44.84,44.83,44.82,44.85,44.86,44.87,200,1100,300,100,800,400,44.86
418,439,BRALPAACNPR7BR00,ALPA4,1620924005224783,44.84,44.83,44.82,44.85,44.86,44.87,100,1100,300,200,700,400,44.86
419,439,BRALPAACNPR7BR00,ALPA4,1620924010834067,44.83,44.82,44.81,44.85,44.86,44.87,1100,300,1600,600,300,400,44.85
420,439,BRALPAACNPR7BR00,ALPA4,1620924010834579,44.83,44.82,44.81,44.85,44.86,44.87,1100,300,1600,600,200,400,44.85
421,439,BRALPAACNPR7BR00,ALPA4,1620924010835828,44.83,44.82,44.81,44.85,44.86,44.87,1100,300,1600,200,200,400,44.85
422,439,BRALPAACNPR7BR00,ALPA4,1620924010836146,44.83,44.82,44.81,44.85,44.86,44.87,1100,300,1600,100,200,400,44.85
423,439,BRALPAACNPR7BR00,ALPA4,1620924010837260,44.83,44.82,44.81,44.86,44.87,44.88,1100,300,1600,300,400,300,44.85
424,439,BRALPAACNPR7BR00,ALPA4,1620924044215824,44.84,44.83,44.82,44.86,44.88,44.89,500,1800,400,200,300,1000,44.86
425,543,BRALSOACNOR5BR00,ALSO3,1620923734755962,27.37,27.36,27.35,27.38,27.39,27.4,500,400,400,100,600,600,27.38
426,543,BRALSOACNOR5BR00,ALSO3,1620923734757089,27.37,27.36,27.35,27.38,27.39,27.4,500,400,400,100,600,600,27.38
427,543,BRALSOACNOR5BR00,ALSO3,1620923734759526,27.37,27.36,27.35,27.38,27.39,27.4,200,400,400,100,600,600,27.37
428,543,BRALSOACNOR5BR00,ALSO3,1620923734760830,27.37,27.36,27.35,27.38,27.39,27.4,200,200,400,300,700,800,27.37
429,543,BRALSOACNOR5BR00,ALSO3,1620923734761191,27.37,27.35,27.34,27.38,27.39,27.4,200,400,400,300,700,800,27.37
430,543,BRALSOACNOR5BR00,ALSO3,1620923734762308,27.37,27.35,27.34,27.38,27.39,27.4,200,400,400,400,600,800,27.37
431,543,BRALSOACNOR5BR00,ALSO3,1620923745491103,27.37,27.36,27.35,27.38,27.39,27.4,200,200,400,100,600,1400,27.38
432,543,BRALSOACNOR5BR00,ALSO3,1620923745492341,27.37,27.36,27.35,27.39,27.4,27.41,200,200,400,700,1200,600,27.38
433,543,BRALSOACNOR5BR00,ALSO3,1620923745572864,27.37,27.36,27.35,27.38,27.39,27.4,200,200,400,100,700,1200,27.38
434,543,BRALSOACNOR5BR00,ALSO3,1620923745574315,27.37,27.36,27.35,27.38,27.39,27.4,200,200,400,300,600,1200,27.38
435,543,BRALSOACNOR5BR00,ALSO3,1620923749590571,27.37,27.36,27.35,27.38,27.39,27.4,400,300,400,100,600,1400,27.38
436,543,BRALSOACNOR5BR00,ALSO3,1620923749591804,27.37,27.36,27.35,27.39,27.4,27.41,400,300,400,700,1400,700,27.38
437,543,BRALSOACNOR5BR00,ALSO3,1620923749726345,27.37,27.36,27.35,27.38,27.39,27.4,500,100,400,100,700,1400,27.38
438,543,BRALSOACNOR5BR00,ALSO3,1620923749727632,27.37,27.36,27.35,27.38,27.39,27.4,500,100,400,200,600,1400,27.38
439,543,BRALSOACNOR5BR00,ALSO3,1620923754151105,27.34,27.33,27.32,27.37,27.38,27.39,400,1300,2500,100,1200,600,27.37
440,543,BRALSOACNOR5BR00,ALSO3,1620923754152876,27.34,27.33,27.32,27.37,27.38,27.39,300,1200,2500,400,1200,1300,27.37
441,543,BRALSOACNOR5BR00,ALSO3,1620923754154092,27.34,27.33,27.32,27.36,27.37,27.38,400,600,2300,100,500,1400,27.37
442,543,BRALSOACNOR5BR00,ALSO3,1620923754154115,27.34,27.33,27.32,27.36,27.37,27.38,400,600,2300,100,500,1400,27.37
443,543,BRALSOACNOR5BR00,ALSO3,1620923772160400,27.36,27.35,27.34,27.37,27.38,27.39,200,800,400,100,500,400,27.37
444,543,BRALSOACNOR5BR00,ALSO3,1620923772161609,27.36,27.35,27.34,27.38,27.39,27.4,200,800,400,600,400,2000,27.37
445,543,BRALSOACNOR5BR00,ALSO3,1620923772166026,27.36,27.35,27.34,27.37,27.38,27.39,200,800,400,100,500,600,27.37
446,543,BRALSOACNOR5BR00,ALSO3,1620923772167305,27.36,27.35,27.34,27.37,27.38,27.39,200,800,400,200,600,600,27.37
447,543,BRALSOACNOR5BR00,ALSO3,1620923776356322,27.36,27.35,27.34,27.37,27.38,27.39,300,700,400,100,600,400,27.37
448,543,BRALSOACNOR5BR00,ALSO3,1620923776358086,27.36,27.35,27.34,27.38,27.39,27.4,400,700,400,500,400,2000,27.37
449,543,BRALSOACNOR5BR00,ALSO3,1620923778449618,27.37,27.36,27.35,27.38,27.39,27.4,200,400,700,100,600,1100,27.37
450,543,BRALSOACNOR5BR00,ALSO3,1620923778450981,27.37,27.36,27.35,27.39,27.4,27.41,200,400,700,700,1000,700,27.37
451,543,BRALSOACNOR5BR00,ALSO3,1620923778893309,27.37,27.36,27.35,27.38,27.39,27.4,200,400,700,100,700,900,27.37
452,543,BRALSOACNOR5BR00,ALSO3,1620923778894534,27.37,27.36,27.35,27.38,27.39,27.4,200,400,700,200,600,1000,27.37
453,543,BRALSOACNOR5BR00,ALSO3,1620923781170849,27.36,27.35,27.34,27.38,27.39,27.4,100,700,400,200,600,1000,27.38
454,543,BRALSOACNOR5BR00,ALSO3,1620923781171549,27.36,27.35,27.34,27.38,27.39,27.4,100,700,400,100,600,1000,27.38
455,543,BRALSOACNOR5BR00,ALSO3,1620923781172721,27.36,27.35,27.34,27.38,27.39,27.4,400,700,400,100,600,1000,27.38
456,543,BRALSOACNOR5BR00,ALSO3,1620923781172863,27.36,27.35,27.34,27.38,27.39,27.4,400,700,400,100,600,1000,27.38
457,543,BRALSOACNOR5BR00,ALSO3,1620923781173955,27.36,27.35,27.34,27.39,27.4,27.41,400,700,400,700,1000,700,27.38
458,543,BRALSOACNOR5BR00,ALSO3,1620923781176125,27.36,27.35,27.34,27.38,27.39,27.4,400,700,400,100,700,1000,27.38
459,543,BRALSOACNOR5BR00,ALSO3,1620923781177196,27.36,27.35,27.34,27.38,27.39,27.4,400,700,400,200,600,1000,27.38
460,543,BRALSOACNOR5BR00,ALSO3,1620923795174218,27.37,27.35,27.34,27.38,27.39,27.4,100,700,400,500,500,1000,27.38
461,543,BRALSOACNOR5BR00,ALSO3,1620923795177310,27.35,27.34,27.33,27.38,27.39,27.4,500,400,700,500,500,1000,27.35
462,543,BRALSOACNOR5BR00,ALSO3,1620923795178931,27.35,27.34,27.33,27.37,27.38,27.39,500,400,600,100,600,800,27.35
463,543,BRALSOACNOR5BR00,ALSO3,1620923795179774,27.35,27.34,27.33,27.37,27.38,27.39,500,400,600,100,700,800,27.35
464,543,BRALSOACNOR5BR00,ALSO3,1620923795181042,27.35,27.34,27.33,27.37,27.38,27.39,500,400,600,200,600,800,27.35
465,543,BRALSOACNOR5BR00,ALSO3,1620923796875571,27.36,27.35,27.34,27.37,27.38,27.39,300,600,400,100,600,800,27.35
466,543,BRALSOACNOR5BR00,ALSO3,1620923796876672,27.36,27.35,27.34,27.38,27.39,27.4,300,600,400,700,800,1100,27.35
467,543,BRALSOACNOR5BR00,ALSO3,1620923799689090,27.36,27.35,27.34,27.37,27.38,27.39,300,600,400,100,600,500,27.35
468,543,BRALSOACNOR5BR00,ALSO3,1620923799691770,27.36,27.35,27.34,27.37,27.38,27.39,300,600,400,200,600,500,27.35
469,543,BRALSOACNOR5BR00,ALSO3,1620923803822016,27.36,27.35,27.34,27.37,27.38,27.39,400,600,400,100,700,1100,27.35
470,543,BRALSOACNOR5BR00,ALSO3,1620923803823322,27.36,27.35,27.34,27.38,27.39,27.4,400,600,400,800,1100,1300,27.35
471,543,BRALSOACNOR5BR00,ALSO3,1620923827327983,27.36,27.35,27.34,27.37,27.38,27.39,100,400,400,100,1000,500,27.37
472,543,BRALSOACNOR5BR00,ALSO3,1620923827329458,27.35,27.34,27.33,27.37,27.38,27.39,300,400,700,300,900,500,27.36
473,543,BRALSOACNOR5BR00,ALSO3,1620923827330282,27.35,27.34,27.33,27.36,27.37,27.38,300,400,600,100,400,1000,27.36
474,543,BRALSOACNOR5BR00,ALSO3,1620923827331663,27.35,27.34,27.33,27.36,27.37,27.38,300,400,600,200,300,1100,27.36
475,543,BRALSOACNOR5BR00,ALSO3,1620923837714961,27.35,27.34,27.33,27.37,27.38,27.39,600,400,600,200,600,700,27.36
476,543,BRALSOACNOR5BR00,ALSO3,1620923837715110,27.35,27.34,27.33,27.37,27.38,27.39,600,400,600,200,600,700,27.36
477,543,BRALSOACNOR5BR00,ALSO3,1620923837715579,27.35,27.34,27.33,27.37,27.38,27.39,600,400,600,200,600,500,27.36
478,543,BRALSOACNOR5BR00,ALSO3,1620923837716749,27.35,27.34,27.33,27.37,27.38,27.39,600,400,600,200,500,500,27.36
479,543,BRALSOACNOR5BR00,ALSO3,1620923837837151,27.35,27.34,27.33,27.36,27.37,27.38,500,400,600,100,400,700,27.36
480,543,BRALSOACNOR5BR00,ALSO3,1620923837837174,27.35,27.34,27.33,27.36,27.37,27.38,500,400,600,100,400,700,27.36
481,543,BRALSOACNOR5BR00,ALSO3,1620923873437549,27.34,27.33,27.32,27.35,27.36,27.37,100,500,800,300,300,500,27.35
482,543,BRALSOACNOR5BR00,ALSO3,1620923873438941,27.34,27.33,27.32,27.35,27.36,27.37,100,500,800,400,300,400,27.35
483,543,BRALSOACNOR5BR00,ALSO3,1620923873439341,27.34,27.33,27.32,27.35,27.36,27.37,100,500,800,100,300,400,27.35
484,543,BRALSOACNOR5BR00,ALSO3,1620923873440894,27.34,27.33,27.32,27.36,27.37,27.38,200,500,700,400,600,600,27.35
485,543,BRALSOACNOR5BR00,ALSO3,1620923873448309,27.34,27.33,27.32,27.35,27.36,27.37,300,500,700,300,300,400,27.35
486,543,BRALSOACNOR5BR00,ALSO3,1620923873448327,27.34,27.33,27.32,27.35,27.36,27.37,300,500,700,300,300,400,27.35
487,543,BRALSOACNOR5BR00,ALSO3,1620923885210400,27.35,27.34,27.33,27.37,27.38,27.39,400,400,500,200,400,800,27.36
488,543,BRALSOACNOR5BR00,ALSO3,1620923885210536,27.35,27.34,27.33,27.37,27.38,27.39,400,400,500,200,400,800,27.36
489,543,BRALSOACNOR5BR00,ALSO3,1620923885210817,27.35,27.34,27.33,27.37,27.38,27.39,500,400,500,200,400,800,27.36
490,543,BRALSOACNOR5BR00,ALSO3,1620923885213013,27.36,27.35,27.34,27.37,27.38,27.39,100,500,400,100,300,500,27.36
491,543,BRALSOACNOR5BR00,ALSO3,1620923885213282,27.36,27.35,27.34,27.37,27.38,27.39,100,500,400,100,300,500,27.36
492,543,BRALSOACNOR5BR00,ALSO3,1620923885214704,27.36,27.35,27.34,27.38,27.39,27.4,400,600,300,800,400,800,27.36
493,543,BRALSOACNOR5BR00,ALSO3,1620923887151740,27.36,27.35,27.34,27.37,27.38,27.39,200,200,300,100,800,600,27.37
494,543,BRALSOACNOR5BR00,ALSO3,1620923887152884,27.36,27.35,27.34,27.37,27.38,27.39,200,400,300,400,700,600,27.37
495,543,BRALSOACNOR5BR00,ALSO3,1620923895067897,27.36,27.35,27.34,27.38,27.39,27.4,700,400,400,400,200,800,27.37
496,543,BRALSOACNOR5BR00,ALSO3,1620923895068104,27.37,27.36,27.35,27.38,27.39,27.4,100,700,400,400,200,800,27.37
497,543,BRALSOACNOR5BR00,ALSO3,1620923895068667,27.37,27.36,27.35,27.38,27.39,27.4,100,700,400,400,200,800,27.37
498,543,BRALSOACNOR5BR00,ALSO3,1620923895070001,27.37,27.36,27.35,27.38,27.39,27.4,300,800,400,500,200,800,27.37
499,543,BRALSOACNOR5BR00,ALSO3,1620923896510791,27.35,27.34,27.33,27.36,27.38,27.39,400,400,500,300,500,400,27.36
500,543,BRALSOACNOR5BR00,ALSO3,1620923896512065,27.35,27.34,27.33,27.36,27.38,27.39,400,400,500,400,400,600,27.36
501,543,BRALSOACNOR5BR00,ALSO3,1620923903356578,27.35,27.34,27.33,27.38,27.39,27.4,600,400,500,300,1300,800,27.38
502,543,BRALSOACNOR5BR00,ALSO3,1620923903356772,27.35,27.34,27.33,27.38,27.39,27.4,600,400,500,300,1300,800,27.38
503,543,BRALSOACNOR5BR00,ALSO3,1620923903357305,27.35,27.34,27.33,27.38,27.39,27.4,600,400,500,300,1100,800,27.38
504,543,BRALSOACNOR5BR00,ALSO3,1620923903358500,27.36,27.35,27.34,27.38,27.39,27.4,100,600,400,400,400,1000,27.38
505,543,BRALSOACNOR5BR00,ALSO3,1620923903986736,27.37,27.36,27.35,27.38,27.39,27.4,200,500,400,100,400,1000,27.38
506,543,BRALSOACNOR5BR00,ALSO3,1620923903987987,27.37,27.36,27.35,27.39,27.4,27.41,200,500,400,500,1000,2000,27.38
507,543,BRALSOACNOR5BR00,ALSO3,1620923903988083,27.36,27.35,27.34,27.37,27.39,27.4,500,400,400,100,500,1000,27.37
508,543,BRALSOACNOR5BR00,ALSO3,1620923903989330,27.36,27.35,27.34,27.37,27.38,27.39,500,400,400,100,100,400,27.37
509,543,BRALSOACNOR5BR00,ALSO3,1620923903989654,27.36,27.35,27.34,27.37,27.39,27.4,500,400,400,100,400,900,27.37
510,543,BRALSOACNOR5BR00,ALSO3,1620923903990851,27.36,27.35,27.34,27.39,27.4,27.41,500,400,400,600,900,600,27.37
511,543,BRALSOACNOR5BR00,ALSO3,1620923903992279,27.36,27.35,27.34,27.38,27.39,27.4,200,400,400,100,600,900,27.36
512,543,BRALSOACNOR5BR00,ALSO3,1620923903993411,27.36,27.35,27.34,27.38,27.39,27.4,300,400,400,500,500,900,27.36
513,543,BRALSOACNOR5BR00,ALSO3,1620923910728230,27.36,27.35,27.34,27.38,27.39,27.4,500,400,400,100,400,900,27.36
514,543,BRALSOACNOR5BR00,ALSO3,1620923910728265,27.36,27.35,27.34,27.38,27.39,27.4,500,400,400,100,400,900,27.36
515,543,BRALSOACNOR5BR00,ALSO3,1620923922452002,27.37,27.36,27.35,27.38,27.39,27.4,200,400,400,200,400,700,27.38
516,543,BRALSOACNOR5BR00,ALSO3,1620923922592347,27.37,27.36,27.35,27.38,27.39,27.4,300,400,400,200,400,700,27.38
517,543,BRALSOACNOR5BR00,ALSO3,1620923922593677,27.37,27.36,27.35,27.38,27.39,27.4,500,400,400,300,200,700,27.38
518,543,BRALSOACNOR5BR00,ALSO3,1620923934001477,27.37,27.36,27.35,27.39,27.4,27.41,400,400,400,100,700,700,27.38
519,543,BRALSOACNOR5BR00,ALSO3,1620923934001622,27.37,27.36,27.35,27.39,27.4,27.41,400,400,400,100,700,700,27.38
520,543,BRALSOACNOR5BR00,ALSO3,1620923934002234,27.37,27.36,27.35,27.39,27.4,27.41,400,400,400,100,600,700,27.38
521,543,BRALSOACNOR5BR00,ALSO3,1620923934003430,27.37,27.36,27.35,27.39,27.4,27.41,400,400,400,200,600,700,27.38
522,543,BRALSOACNOR5BR00,ALSO3,1620923934003664,27.37,27.36,27.35,27.39,27.4,27.41,400,400,400,100,600,700,27.38
523,543,BRALSOACNOR5BR00,ALSO3,1620923934003692,27.37,27.36,27.35,27.39,27.4,27.41,400,400,400,100,600,700,27.38
524,543,BRALSOACNOR5BR00,ALSO3,1620923942439214,27.38,27.37,27.36,27.4,27.41,27.42,800,300,400,300,500,1500,27.39
525,543,BRALSOACNOR5BR00,ALSO3,1620923942439725,27.38,27.37,27.36,27.4,27.41,27.42,800,300,400,200,500,1500,27.39
526,543,BRALSOACNOR5BR00,ALSO3,1620923942441020,27.38,27.37,27.36,27.4,27.41,27.42,800,300,400,300,400,700,27.39
527,543,BRALSOACNOR5BR00,ALSO3,1620923943316030,27.39,27.38,27.37,27.4,27.41,27.42,100,700,300,100,400,700,27.4
528,543,BRALSOACNOR5BR00,ALSO3,1620923943317217,27.39,27.38,27.37,27.41,27.42,27.43,100,700,300,500,700,2400,27.4
529,543,BRALSOACNOR5BR00,ALSO3,1620923943449070,27.39,27.38,27.37,27.4,27.41,27.42,100,700,300,100,500,800,27.4
530,543,BRALSOACNOR5BR00,ALSO3,1620923943450467,27.39,27.38,27.37,27.4,27.41,27.42,100,700,300,200,400,800,27.4
531,543,BRALSOACNOR5BR00,ALSO3,1620923950208272,27.39,27.38,27.37,27.41,27.42,27.43,400,500,300,400,600,800,27.4
532,543,BRALSOACNOR5BR00,ALSO3,1620923950208546,27.39,27.38,27.37,27.41,27.42,27.43,400,500,300,400,600,800,27.4
533,543,BRALSOACNOR5BR00,ALSO3,1620923950242269,27.39,27.38,27.37,27.41,27.42,27.43,400,500,300,400,800,800,27.4
534,543,BRALSOACNOR5BR00,ALSO3,1620923950243388,27.39,27.38,27.37,27.41,27.42,27.43,400,500,300,500,800,800,27.4
535,543,BRALSOACNOR5BR00,ALSO3,1620923951684298,27.39,27.38,27.37,27.41,27.42,27.43,500,500,300,100,600,800,27.4
536,543,BRALSOACNOR5BR00,ALSO3,1620923951685434,27.39,27.38,27.37,27.42,27.43,27.44,500,500,300,700,800,2200,27.4
537,543,BRALSOACNOR5BR00,ALSO3,1620923956353691,27.39,27.38,27.37,27.41,27.42,27.43,500,500,300,100,500,700,27.42
538,543,BRALSOACNOR5BR00,ALSO3,1620923956354997,27.39,27.38,27.37,27.41,27.42,27.43,500,500,300,200,400,900,27.42
539,543,BRALSOACNOR5BR00,ALSO3,1620923962341897,27.4,27.39,27.38,27.41,27.42,27.43,300,400,500,100,400,700,27.41
540,543,BRALSOACNOR5BR00,ALSO3,1620923962343351,27.4,27.39,27.38,27.42,27.43,27.44,300,400,500,500,500,2200,27.41
541,543,BRALSOACNOR5BR00,ALSO3,1620923965086400,27.41,27.4,27.39,27.42,27.43,27.44,200,400,500,100,600,600,27.41
542,543,BRALSOACNOR5BR00,ALSO3,1620923965088363,27.41,27.4,27.39,27.43,27.44,27.45,200,400,500,700,600,1500,27.41
543,543,BRALSOACNOR5BR00,ALSO3,1620923974940367,27.4,27.39,27.38,27.42,27.43,27.44,100,200,400,200,600,600,27.41
544,543,BRALSOACNOR5BR00,ALSO3,1620923974940385,27.4,27.39,27.38,27.42,27.43,27.44,100,200,400,200,600,600,27.41
545,543,BRALSOACNOR5BR00,ALSO3,1620923975076208,27.4,27.39,27.38,27.41,27.42,27.43,100,200,400,100,600,600,27.41
546,543,BRALSOACNOR5BR00,ALSO3,1620923975076237,27.4,27.39,27.38,27.41,27.42,27.43,100,200,400,100,600,600,27.41
547,543,BRALSOACNOR5BR00,ALSO3,1620923975077294,27.39,27.38,27.37,27.4,27.41,27.42,200,400,300,200,100,600,27.4
548,543,BRALSOACNOR5BR00,ALSO3,1620923975077313,27.39,27.38,27.37,27.4,27.41,27.42,200,400,300,200,100,600,27.4
549,543,BRALSOACNOR5BR00,ALSO3,1620923975218098,27.38,27.37,27.36,27.41,27.42,27.43,400,300,400,200,700,600,27.4
550,543,BRALSOACNOR5BR00,ALSO3,1620923975219357,27.38,27.37,27.36,27.41,27.42,27.43,400,300,400,300,700,600,27.4
551,543,BRALSOACNOR5BR00,ALSO3,1620923975343232,27.38,27.37,27.36,27.4,27.41,27.42,400,400,400,100,400,900,27.4
552,543,BRALSOACNOR5BR00,ALSO3,1620923975344400,27.38,27.37,27.36,27.4,27.41,27.42,400,400,400,200,200,900,27.4
553,543,BRALSOACNOR5BR00,ALSO3,1620923985703304,27.39,27.38,27.37,27.4,27.41,27.42,600,400,400,200,100,900,27.38
554,543,BRALSOACNOR5BR00,ALSO3,1620923985704758,27.39,27.38,27.37,27.4,27.41,27.42,600,400,400,100,200,900,27.38
555,543,BRALSOACNOR5BR00,ALSO3,1620923985930127,27.39,27.38,27.37,27.4,27.41,27.42,500,400,400,100,400,900,27.38
556,543,BRALSOACNOR5BR00,ALSO3,1620923985931476,27.39,27.38,27.37,27.4,27.41,27.42,400,400,400,200,300,900,27.38
557,543,BRALSOACNOR5BR00,ALSO3,1620923989456444,27.39,27.38,27.37,27.4,27.41,27.42,500,400,300,200,100,900,27.38
558,543,BRALSOACNOR5BR00,ALSO3,1620923989458260,27.39,27.38,27.37,27.4,27.41,27.42,500,400,300,100,200,900,27.38
559,543,BRALSOACNOR5BR00,ALSO3,1620923989885370,27.39,27.38,27.37,27.4,27.41,27.42,500,400,300,100,400,900,27.38
560,543,BRALSOACNOR5BR00,ALSO3,1620923989886604,27.39,27.38,27.37,27.4,27.41,27.42,500,400,300,200,300,900,27.38
561,543,BRALSOACNOR5BR00,ALSO3,1620923990295259,27.4,27.39,27.38,27.41,27.42,27.43,100,200,400,300,900,800,27.4
562,543,BRALSOACNOR5BR00,ALSO3,1620923990295411,27.4,27.39,27.38,27.41,27.42,27.43,100,200,400,300,900,800,27.4
563,543,BRALSOACNOR5BR00,ALSO3,1620923990296238,27.4,27.39,27.38,27.41,27.42,27.43,100,300,400,300,900,800,27.4
564,543,BRALSOACNOR5BR00,ALSO3,1620923990297487,27.4,27.39,27.38,27.41,27.42,27.43,100,300,400,500,900,800,27.4
565,543,BRALSOACNOR5BR00,ALSO3,1620924016710281,27.37,27.36,27.35,27.38,27.41,27.42,300,400,2000,200,1100,1100,27.38
566,543,BRALSOACNOR5BR00,ALSO3,1620924016710308,27.37,27.36,27.35,27.38,27.41,27.42,300,400,2000,200,1100,1100,27.38
567,543,BRALSOACNOR5BR00,ALSO3,1620924016713314,27.36,27.35,27.34,27.37,27.38,27.41,400,400,600,200,500,800,27.37
568,543,BRALSOACNOR5BR00,ALSO3,1620924016713339,27.36,27.35,27.34,27.37,27.38,27.41,400,400,600,200,500,800,27.37
569,543,BRALSOACNOR5BR00,ALSO3,1620924073053215,27.36,27.35,27.34,27.37,27.39,27.4,700,600,400,100,300,300,27.37
570,543,BRALSOACNOR5BR00,ALSO3,1620924073054620,27.36,27.35,27.34,27.37,27.38,27.39,800,600,400,100,100,300,27.37
571,543,BRALSOACNOR5BR00,ALSO3,1620924073187446,27.36,27.35,27.34,27.37,27.38,27.39,700,600,400,200,100,300,27.37
572,543,BRALSOACNOR5BR00,ALSO3,1620924073188660,27.36,27.35,27.34,27.37,27.38,27.39,700,600,400,300,200,300,27.37
573,543,BRALSOACNOR5BR00,ALSO3,1620924077158592,27.36,27.35,27.34,27.37,27.38,27.39,500,600,400,100,200,300,27.37
574,543,BRALSOACNOR5BR00,ALSO3,1620924077159909,27.36,27.35,27.34,27.38,27.39,27.4,500,600,400,300,300,300,27.37
575,543,BRALSOACNOR5BR00,ALSO3,1620924082016070,27.37,27.36,27.35,27.38,27.39,27.4,400,300,600,200,100,300,27.37
576,543,BRALSOACNOR5BR00,ALSO3,1620924082018391,27.37,27.36,27.35,27.39,27.4,27.41,500,500,600,200,300,700,27.37
577,543,BRALSOACNOR5BR00,ALSO3,1620924086121381,27.38,27.37,27.36,27.39,27.4,27.41,500,200,400,100,300,400,27.37
578,543,BRALSOACNOR5BR00,ALSO3,1620924086122597,27.38,27.37,27.36,27.4,27.41,27.42,600,300,400,400,400,2800,27.37
579,543,BRALSOACNOR5BR00,ALSO3,1620924086127032,27.38,27.37,27.36,27.39,27.4,27.41,500,300,400,100,400,600,27.37
580,543,BRALSOACNOR5BR00,ALSO3,1620924086128135,27.38,27.37,27.36,27.39,27.4,27.41,500,300,400,200,300,600,27.37
581,543,BRALSOACNOR5BR00,ALSO3,1620924086141885,27.38,27.37,27.36,27.39,27.4,27.41,500,300,400,100,300,400,27.37
582,543,BRALSOACNOR5BR00,ALSO3,1620924086143121,27.38,27.37,27.36,27.4,27.41,27.42,500,300,400,400,400,900,27.37
583,543,BRALSOACNOR5BR00,ALSO3,1620924088637879,27.38,27.37,27.36,27.39,27.4,27.41,300,300,400,100,500,600,27.39
584,543,BRALSOACNOR5BR00,ALSO3,1620924088639178,27.38,27.37,27.36,27.39,27.4,27.41,300,300,400,200,400,800,27.39
585,543,BRALSOACNOR5BR00,ALSO3,1620924088642574,27.38,27.37,27.36,27.39,27.4,27.41,300,300,400,100,400,600,27.39
586,543,BRALSOACNOR5BR00,ALSO3,1620924088643769,27.38,27.37,27.36,27.4,27.41,27.42,300,300,400,500,600,1300,27.39
587,543,BRALSOACNOR5BR00,ALSO3,1620924092184986,27.37,27.36,27.35,27.39,27.4,27.41,300,400,600,100,600,600,27.38
588,543,BRALSOACNOR5BR00,ALSO3,1620924092186666,27.37,27.36,27.35,27.39,27.4,27.41,300,400,600,200,500,600,27.38
589,543,BRALSOACNOR5BR00,ALSO3,1620924092187985,27.36,27.35,27.34,27.38,27.39,27.4,500,600,500,100,400,700,27.37
590,543,BRALSOACNOR5BR00,ALSO3,1620924092189310,27.36,27.35,27.34,27.38,27.39,27.4,500,600,500,200,300,700,27.37
591,543,BRALSOACNOR5BR00,ALSO3,1620924092581698,27.36,27.35,27.34,27.38,27.39,27.4,400,600,400,100,200,700,27.37
592,543,BRALSOACNOR5BR00,ALSO3,1620924092583001,27.36,27.35,27.34,27.39,27.4,27.41,400,600,400,300,700,500,27.37
593,543,BRALSOACNOR5BR00,ALSO3,1620924096560826,27.37,27.36,27.35,27.38,27.39,27.4,300,400,600,100,500,600,27.38
594,543,BRALSOACNOR5BR00,ALSO3,1620924096561994,27.37,27.36,27.35,27.38,27.39,27.4,300,400,600,200,400,600,27.38
595,543,BRALSOACNOR5BR00,ALSO3,1620924114760006,27.37,27.36,27.35,27.39,27.4,27.41,500,400,600,200,400,700,27.38
596,543,BRALSOACNOR5BR00,ALSO3,1620924114760203,27.37,27.36,27.35,27.39,27.4,27.41,500,400,600,200,400,700,27.38
597,543,BRALSOACNOR5BR00,ALSO3,1620924114761044,27.37,27.36,27.35,27.39,27.4,27.41,500,400,600,200,400,700,27.38
598,543,BRALSOACNOR5BR00,ALSO3,1620924114762226,27.37,27.36,27.35,27.39,27.4,27.41,500,400,600,300,400,700,27.38
599,543,BRALSOACNOR5BR00,ALSO3,1620924125168600,27.38,27.37,27.36,27.39,27.4,27.41,300,400,900,100,300,400,27.39
600,543,BRALSOACNOR5BR00,ALSO3,1620924125168822,27.38,27.37,27.36,27.39,27.4,27.41,300,400,900,100,300,400,27.39
601,543,BRALSOACNOR5BR00,ALSO3,1620924125169317,27.38,27.37,27.36,27.39,27.4,27.41,300,400,900,100,300,400,27.39
602,543,BRALSOACNOR5BR00,ALSO3,1620924125170596,27.38,27.37,27.36,27.39,27.4,27.41,500,400,900,200,100,200,27.39
603,543,BRALSOACNOR5BR00,ALSO3,1620924125270662,27.38,27.37,27.36,27.39,27.4,27.41,500,400,900,200,100,400,27.39
604,543,BRALSOACNOR5BR00,ALSO3,1620924125271853,27.38,27.37,27.36,27.39,27.4,27.41,500,400,900,100,200,400,27.39
605,543,BRALSOACNOR5BR00,ALSO3,1620924131393939,27.38,27.37,27.36,27.41,27.42,27.43,700,400,900,400,1500,2000,27.4
606,543,BRALSOACNOR5BR00,ALSO3,1620924131394149,27.38,27.37,27.36,27.41,27.42,27.43,700,400,900,400,1500,2000,27.4
607,543,BRALSOACNOR5BR00,ALSO3,1620924131394742,27.38,27.37,27.36,27.41,27.42,27.43,700,400,900,400,900,2000,27.4
608,543,BRALSOACNOR5BR00,ALSO3,1620924131396361,27.39,27.38,27.37,27.41,27.42,27.43,100,700,400,500,800,700,27.4
609,543,BRALSOACNOR5BR00,ALSO3,1620924133895801,27.38,27.37,27.36,27.4,27.41,27.42,600,400,900,200,500,1100,27.4
610,543,BRALSOACNOR5BR00,ALSO3,1620924133897075,27.38,27.37,27.36,27.4,27.41,27.42,600,400,900,300,400,1100,27.4
611,543,BRALSOACNOR5BR00,ALSO3,1620924134032955,27.38,27.37,27.36,27.4,27.41,27.42,600,300,900,100,400,900,27.4
612,543,BRALSOACNOR5BR00,ALSO3,1620924134034206,27.38,27.37,27.36,27.41,27.42,27.43,600,300,900,500,900,700,27.4
613,543,BRALSOACNOR5BR00,ALSO3,1620924134096721,27.38,27.37,27.36,27.4,27.41,27.42,600,300,900,100,500,1100,27.4
614,543,BRALSOACNOR5BR00,ALSO3,1620924134097903,27.38,27.37,27.36,27.4,27.41,27.42,600,300,900,300,400,1100,27.4
615,543,BRALSOACNOR5BR00,ALSO3,1620924134607173,27.39,27.38,27.37,27.4,27.41,27.42,300,600,300,300,100,700,27.4
616,543,BRALSOACNOR5BR00,ALSO3,1620924134607186,27.39,27.38,27.37,27.41,27.42,27.43,300,600,300,100,700,700,27.4
617,543,BRALSOACNOR5BR00,ALSO3,1620924134607233,27.39,27.38,27.37,27.41,27.42,27.43,300,600,300,100,700,700,27.4
618,543,BRALSOACNOR5BR00,ALSO3,1620924134607254,27.39,27.38,27.37,27.42,27.43,27.44,300,600,300,700,700,2100,27.4
619,543,BRALSOACNOR5BR00,ALSO3,1620924134607291,27.4,27.39,27.38,27.42,27.43,27.44,200,300,600,700,700,2100,27.4
620,543,BRALSOACNOR5BR00,ALSO3,1620924134607895,27.4,27.39,27.38,27.42,27.43,27.44,200,300,600,700,600,2100,27.4
621,543,BRALSOACNOR5BR00,ALSO3,1620924134607908,27.4,27.39,27.38,27.42,27.43,27.44,200,300,600,700,600,2100,27.4
622,543,BRALSOACNOR5BR00,ALSO3,1620924134608099,27.4,27.39,27.38,27.42,27.43,27.44,200,300,600,700,400,2100,27.4
623,543,BRALSOACNOR5BR00,ALSO3,1620924134608118,27.4,27.39,27.38,27.42,27.43,27.44,200,300,600,700,400,2100,27.4
624,543,BRALSOACNOR5BR00,ALSO3,1620924134608199,27.4,27.39,27.38,27.42,27.43,27.44,200,300,600,700,400,2100,27.4
625,543,BRALSOACNOR5BR00,ALSO3,1620924134608248,27.4,27.39,27.38,27.42,27.43,27.44,200,300,600,700,400,2100,27.4
626,543,BRALSOACNOR5BR00,ALSO3,1620924134608275,27.4,27.39,27.38,27.42,27.43,27.44,200,300,600,700,400,600,27.4
627,543,BRALSOACNOR5BR00,ALSO3,1620924134608307,27.4,27.39,27.38,27.42,27.43,27.44,300,300,600,700,400,600,27.4
628,543,BRALSOACNOR5BR00,ALSO3,1620924134608436,27.4,27.39,27.38,27.42,27.43,27.44,300,400,600,700,400,600,27.4
629,543,BRALSOACNOR5BR00,ALSO3,1620924134608457,27.4,27.39,27.38,27.42,27.43,27.44,300,400,600,700,400,600,27.4
630,543,BRALSOACNOR5BR00,ALSO3,1620924134608621,27.4,27.39,27.38,27.42,27.43,27.44,300,400,600,700,400,600,27.4
631,543,BRALSOACNOR5BR00,ALSO3,1620924134608659,27.4,27.39,27.38,27.42,27.43,27.44,300,400,600,700,400,600,27.4
632,543,BRALSOACNOR5BR00,ALSO3,1620924134609046,27.4,27.39,27.38,27.42,27.43,27.44,300,400,600,700,400,500,27.4
633,543,BRALSOACNOR5BR00,ALSO3,1620924134609083,27.4,27.39,27.38,27.42,27.43,27.44,300,400,600,700,400,400,27.4
634,543,BRALSOACNOR5BR00,ALSO3,1620924134609128,27.4,27.39,27.38,27.42,27.43,27.44,300,400,600,700,400,600,27.4
635,543,BRALSOACNOR5BR00,ALSO3,1620924134609146,27.4,27.39,27.38,27.42,27.43,27.44,300,400,600,700,400,600,27.4
636,543,BRALSOACNOR5BR00,ALSO3,1620924134609667,27.4,27.39,27.38,27.42,27.43,27.44,400,400,500,700,400,600,27.4
637,543,BRALSOACNOR5BR00,ALSO3,1620924134609685,27.4,27.39,27.38,27.42,27.43,27.44,400,400,500,700,400,600,27.4
638,543,BRALSOACNOR5BR00,ALSO3,1620924134611009,27.4,27.39,27.38,27.42,27.43,27.44,400,400,500,700,600,600,27.4
639,543,BRALSOACNOR5BR00,ALSO3,1620924134611051,27.4,27.39,27.38,27.42,27.43,27.44,400,400,500,700,600,600,27.4
640,543,BRALSOACNOR5BR00,ALSO3,1620924134611714,27.4,27.39,27.38,27.42,27.43,27.44,300,400,500,700,600,600,27.4
641,543,BRALSOACNOR5BR00,ALSO3,1620924134611752,27.4,27.39,27.38,27.42,27.43,27.44,300,400,500,700,600,600,27.4
642,543,BRALSOACNOR5BR00,ALSO3,1620924134739473,27.4,27.39,27.38,27.41,27.42,27.43,300,400,500,100,700,600,27.4
643,543,BRALSOACNOR5BR00,ALSO3,1620924134739497,27.4,27.39,27.38,27.41,27.42,27.43,300,400,500,100,700,600,27.4
644,543,BRALSOACNOR5BR00,ALSO3,1620924134743519,27.4,27.39,27.38,27.41,27.42,27.43,300,400,500,100,700,400,27.4
645,543,BRALSOACNOR5BR00,ALSO3,1620924134743541,27.4,27.39,27.38,27.41,27.42,27.43,300,400,500,100,700,400,27.4
646,543,BRALSOACNOR5BR00,ALSO3,1620924135018873,27.4,27.39,27.38,27.41,27.42,27.43,400,400,500,100,700,400,27.4
647,543,BRALSOACNOR5BR00,ALSO3,1620924135020157,27.4,27.39,27.38,27.41,27.42,27.43,400,400,500,200,700,400,27.4
648,543,BRALSOACNOR5BR00,ALSO3,1620924137715872,27.4,27.39,27.38,27.41,27.42,27.43,500,400,400,100,600,400,27.41
649,543,BRALSOACNOR5BR00,ALSO3,1620924137717076,27.4,27.39,27.38,27.42,27.43,27.44,500,400,400,700,400,400,27.41
650,543,BRALSOACNOR5BR00,ALSO3,1620924138426509,27.4,27.39,27.38,27.41,27.42,27.43,500,400,400,100,700,400,27.41
651,543,BRALSOACNOR5BR00,ALSO3,1620924138427763,27.4,27.39,27.38,27.41,27.42,27.43,500,400,400,200,600,400,27.41
652,543,BRALSOACNOR5BR00,ALSO3,1620924141528127,27.4,27.39,27.38,27.42,27.43,27.44,500,400,400,300,400,400,27.42
653,543,BRALSOACNOR5BR00,ALSO3,1620924141528302,27.4,27.39,27.38,27.42,27.43,27.44,500,400,400,300,400,400,27.42
654,543,BRALSOACNOR5BR00,ALSO3,1620924141528928,27.4,27.39,27.38,27.42,27.43,27.44,500,400,400,300,400,400,27.42
655,543,BRALSOACNOR5BR00,ALSO3,1620924141530170,27.4,27.39,27.38,27.42,27.43,27.44,500,400,400,400,400,400,27.42
656,543,BRALSOACNOR5BR00,ALSO3,1620924163404090,27.39,27.38,27.37,27.41,27.42,27.43,400,400,400,100,600,600,27.41
657,543,BRALSOACNOR5BR00,ALSO3,1620924163405241,27.39,27.38,27.37,27.41,27.42,27.43,400,400,400,200,500,600,27.41
658,543,BRALSOACNOR5BR00,ALSO3,1620924163550029,27.39,27.38,27.37,27.41,27.42,27.43,300,400,400,100,500,600,27.41
659,543,BRALSOACNOR5BR00,ALSO3,1620924163551287,27.39,27.38,27.37,27.42,27.43,27.44,300,400,400,600,600,5400,27.41
660,543,BRALSOACNOR5BR00,ALSO3,1620924177383604,27.4,27.39,27.38,27.41,27.42,27.43,400,500,400,400,500,700,27.42
661,543,BRALSOACNOR5BR00,ALSO3,1620924177384913,27.4,27.39,27.38,27.41,27.42,27.43,200,500,400,500,400,700,27.42
662,543,BRALSOACNOR5BR00,ALSO3,1620924184873810,27.4,27.39,27.38,27.41,27.42,27.43,100,300,400,300,400,400,27.41
663,543,BRALSOACNOR5BR00,ALSO3,1620924184874343,27.4,27.39,27.38,27.41,27.42,27.43,100,300,400,200,400,400,27.41
664,543,BRALSOACNOR5BR00,ALSO3,1620924184874364,27.4,27.39,27.38,27.41,27.42,27.43,100,300,400,200,400,400,27.41
665,543,BRALSOACNOR5BR00,ALSO3,1620924184874484,27.4,27.39,27.38,27.41,27.42,27.43,100,500,400,200,400,400,27.41
666,543,BRALSOACNOR5BR00,ALSO3,1620924184874503,27.4,27.39,27.38,27.41,27.42,27.43,100,500,400,200,400,400,27.41
667,543,BRALSOACNOR5BR00,ALSO3,1620924185019049,27.4,27.39,27.38,27.41,27.42,27.43,100,500,400,300,400,400,27.41
668,543,BRALSOACNOR5BR00,ALSO3,1620924185020207,27.4,27.39,27.38,27.41,27.42,27.43,100,500,400,400,400,400,27.41
669,543,BRALSOACNOR5BR00,ALSO3,1620924200620524,27.37,27.36,27.35,27.4,27.41,27.42,500,1100,2200,5000,700,1200,27.39
670,543,BRALSOACNOR5BR00,ALSO3,1620924200621823,27.37,27.36,27.35,27.4,27.41,27.42,500,500,2200,5200,700,1200,27.39
671,543,BRALSOACNOR5BR00,ALSO3,1620924200625934,27.37,27.36,27.35,27.39,27.4,27.41,500,500,2200,100,5200,600,27.39
672,543,BRALSOACNOR5BR00,ALSO3,1620924200627065,27.37,27.36,27.35,27.39,27.4,27.41,500,500,700,300,5100,600,27.39
673,543,BRALSOACNOR5BR00,ALSO3,1620924231645272,27.38,27.37,27.36,27.4,27.41,27.42,600,400,1200,5000,300,1200,27.39
674,543,BRALSOACNOR5BR00,ALSO3,1620924231645661,27.38,27.37,27.36,27.4,27.41,27.42,600,400,1200,5000,300,1200,27.39
675,543,BRALSOACNOR5BR00,ALSO3,1620924231646033,27.38,27.37,27.36,27.4,27.41,27.42,600,400,1200,5000,300,600,27.39
676,543,BRALSOACNOR5BR00,ALSO3,1620924231647184,27.38,27.37,27.36,27.4,27.41,27.42,600,400,1200,5100,300,400,27.39
677,543,BRALSOACNOR5BR00,ALSO3,1620924231785237,27.38,27.37,27.36,27.39,27.4,27.41,600,400,1200,100,5100,300,27.39
678,543,BRALSOACNOR5BR00,ALSO3,1620924231786594,27.38,27.37,27.36,27.39,27.4,27.41,600,400,1200,200,5000,300,27.39
679,543,BRALSOACNOR5BR00,ALSO3,1620924232020648,27.38,27.37,27.36,27.4,27.41,27.42,400,400,1200,5000,300,400,27.39
680,543,BRALSOACNOR5BR00,ALSO3,1620924232020685,27.38,27.37,27.36,27.4,27.41,27.42,400,400,1200,5000,300,400,27.39
681,543,BRALSOACNOR5BR00,ALSO3,1620924232020849,27.38,27.37,27.36,27.4,27.41,27.42,400,400,1200,5000,300,400,27.39
682,543,BRALSOACNOR5BR00,ALSO3,1620924232388738,27.38,27.37,27.36,27.4,27.41,27.42,400,400,1200,5100,300,400,27.39
683,543,BRALSOACNOR5BR00,ALSO3,1620924232388766,27.38,27.37,27.36,27.4,27.41,27.42,400,400,1200,5100,300,400,27.39
684,543,BRALSOACNOR5BR00,ALSO3,1620924232389565,27.38,27.37,27.36,27.4,27.41,27.42,400,400,1200,5100,300,1000,27.39
685,543,BRALSOACNOR5BR00,ALSO3,1620924232389585,27.38,27.37,27.36,27.4,27.41,27.42,400,400,1200,5100,300,1000,27.39
686,543,BRALSOACNOR5BR00,ALSO3,1620924232390123,27.38,27.37,27.36,27.4,27.41,27.42,300,400,1200,5100,300,1000,27.39
687,543,BRALSOACNOR5BR00,ALSO3,1620924232390143,27.38,27.37,27.36,27.4,27.41,27.42,300,400,1200,5100,300,1000,27.39
688,543,BRALSOACNOR5BR00,ALSO3,1620924233049601,27.38,27.37,27.36,27.4,27.41,27.42,400,400,1200,5100,300,1000,27.39
689,543,BRALSOACNOR5BR00,ALSO3,1620924233050830,27.38,27.37,27.36,27.4,27.41,27.42,400,400,1200,5100,300,1000,27.39
690,543,BRALSOACNOR5BR00,ALSO3,1620924253811506,27.39,27.38,27.37,27.42,27.43,27.44,400,400,400,200,400,2000,27.4
691,543,BRALSOACNOR5BR00,ALSO3,1620924253811740,27.39,27.38,27.37,27.42,27.43,27.44,400,400,400,200,400,2000,27.4
692,543,BRALSOACNOR5BR00,ALSO3,1620924253811956,27.39,27.38,27.37,27.42,27.43,27.44,400,400,400,200,200,2000,27.4
693,543,BRALSOACNOR5BR00,ALSO3,1620924253813521,27.4,27.39,27.38,27.42,27.43,27.44,300,400,400,200,200,400,27.4
694,543,BRALSOACNOR5BR00,ALSO3,1620924253943947,27.39,27.38,27.37,27.41,27.42,27.43,1100,300,400,100,300,400,27.4
695,543,BRALSOACNOR5BR00,ALSO3,1620924253945229,27.39,27.38,27.37,27.41,27.42,27.43,400,300,400,300,300,400,27.4
696,543,BRALSOACNOR5BR00,ALSO3,1620924258731489,27.4,27.39,27.38,27.41,27.42,27.43,200,500,300,100,400,600,27.4
697,543,BRALSOACNOR5BR00,ALSO3,1620924258732834,27.4,27.39,27.38,27.42,27.43,27.44,300,500,300,500,600,400,27.4
698,543,BRALSOACNOR5BR00,ALSO3,1620924260081189,27.4,27.39,27.38,27.41,27.42,27.43,200,500,300,100,500,400,27.4
699,543,BRALSOACNOR5BR00,ALSO3,1620924260082509,27.4,27.39,27.38,27.41,27.42,27.43,200,500,300,200,400,400,27.4
700,543,BRALSOACNOR5BR00,ALSO3,1620924279660613,27.4,27.39,27.38,27.41,27.42,27.43,200,300,400,200,400,600,27.41
701,543,BRALSOACNOR5BR00,ALSO3,1620924279661128,27.4,27.39,27.38,27.41,27.42,27.43,200,300,400,200,400,400,27.41
702,543,BRALSOACNOR5BR00,ALSO3,1620924279662408,27.4,27.39,27.38,27.41,27.42,27.43,200,300,400,200,400,400,27.41
703,543,BRALSOACNOR5BR00,ALSO3,1620924282691188,27.4,27.39,27.38,27.41,27.42,27.43,500,300,400,100,400,400,27.41
704,543,BRALSOACNOR5BR00,ALSO3,1620924282692469,27.4,27.39,27.38,27.42,27.43,27.44,500,300,400,500,400,700,27.41
705,543,BRALSOACNOR5BR00,ALSO3,1620924283908706,27.4,27.39,27.38,27.41,27.42,27.43,300,300,400,100,500,600,27.41
706,543,BRALSOACNOR5BR00,ALSO3,1620924283909904,27.39,27.38,27.37,27.41,27.42,27.43,300,400,400,100,400,600,27.4
707,543,BRALSOACNOR5BR00,ALSO3,1620924283910413,27.39,27.38,27.37,27.41,27.42,27.43,100,400,400,100,400,600,27.4
708,543,BRALSOACNOR5BR00,ALSO3,1620924283911486,27.39,27.38,27.37,27.41,27.42,27.43,100,400,400,300,500,400,27.4
709,543,BRALSOACNOR5BR00,ALSO3,1620924284010742,27.39,27.38,27.37,27.41,27.42,27.43,200,400,400,300,500,400,27.4
710,543,BRALSOACNOR5BR00,ALSO3,1620924284012027,27.39,27.38,27.37,27.41,27.42,27.43,200,400,400,400,400,400,27.4
711,543,BRALSOACNOR5BR00,ALSO3,1620924286770140,27.38,27.37,27.36,27.4,27.41,27.42,500,400,2800,100,400,600,27.4
712,543,BRALSOACNOR5BR00,ALSO3,1620924286771471,27.38,27.37,27.36,27.4,27.41,27.42,500,400,1300,200,300,800,27.4
713,543,BRALSOACNOR5BR00,ALSO3,1620924292550427,27.39,27.38,27.37,27.4,27.41,27.42,200,500,400,100,400,600,27.4
714,543,BRALSOACNOR5BR00,ALSO3,1620924292551848,27.39,27.38,27.37,27.41,27.42,27.43,300,500,400,500,400,400,27.4
715,543,BRALSOACNOR5BR00,ALSO3,1620924293353076,27.39,27.38,27.37,27.4,27.41,27.42,200,500,400,100,500,600,27.4
716,543,BRALSOACNOR5BR00,ALSO3,1620924293354466,27.39,27.38,27.37,27.4,27.41,27.42,200,500,400,200,400,600,27.4
717,543,BRALSOACNOR5BR00,ALSO3,1620924296501601,27.39,27.38,27.37,27.4,27.41,27.42,500,500,400,200,100,200,27.4
718,543,BRALSOACNOR5BR00,ALSO3,1620924296503748,27.39,27.38,27.37,27.4,27.41,27.42,500,500,400,100,100,200,27.4
719,543,BRALSOACNOR5BR00,ALSO3,1620924302598645,27.4,27.38,27.37,27.41,27.42,27.43,100,400,400,400,600,600,27.41
720,819,BRANIMACNOR6BR00,ANIM3,1620923735466200,11.67,11.66,11.65,11.69,11.7,11.71,2300,2300,3000,1900,1800,2600,11.69
721,819,BRANIMACNOR6BR00,ANIM3,1620923735466234,11.67,11.66,11.65,11.69,11.7,11.71,2300,2300,3000,1900,1800,2600,11.69
722,819,BRANIMACNOR6BR00,ANIM3,1620923735466812,11.67,11.66,11.65,11.69,11.7,11.71,2200,2300,3000,1900,1800,2600,11.69
723,819,BRANIMACNOR6BR00,ANIM3,1620923735466832,11.67,11.66,11.65,11.69,11.7,11.71,2200,2300,3000,1900,1800,2600,11.69
724,819,BRANIMACNOR6BR00,ANIM3,1620923735467708,11.67,11.66,11.65,11.69,11.7,11.71,2200,2300,3000,2200,1800,2600,11.69
725,819,BRANIMACNOR6BR00,ANIM3,1620923735467727,11.67,11.66,11.65,11.69,11.7,11.71,2200,2300,3000,2200,1800,2600,11.69
726,819,BRANIMACNOR6BR00,ANIM3,1620923736765783,11.67,11.66,11.65,11.69,11.7,11.71,2200,2300,3000,2200,2200,2600,11.69
727,819,BRANIMACNOR6BR00,ANIM3,1620923736767051,11.67,11.66,11.65,11.69,11.7,11.71,2300,2300,3000,2200,2200,2600,11.69
728,819,BRANIMACNOR6BR00,ANIM3,1620923747321818,11.68,11.67,11.66,11.69,11.7,11.71,100,2600,2300,1600,2400,2600,11.69
729,819,BRANIMACNOR6BR00,ANIM3,1620923747323059,11.68,11.67,11.66,11.69,11.7,11.71,600,3000,2100,1600,2400,2600,11.69
730,819,BRANIMACNOR6BR00,ANIM3,1620923761156674,11.68,11.67,11.66,11.69,11.7,11.71,1000,1500,2600,2800,2800,2600,11.68
731,819,BRANIMACNOR6BR00,ANIM3,1620923761160233,11.68,11.67,11.66,11.69,11.7,11.71,1000,1500,2600,3100,2800,2600,11.68
732,819,BRANIMACNOR6BR00,ANIM3,1620923761161471,11.68,11.67,11.66,11.69,11.7,11.71,1000,1500,2600,3000,2800,2600,11.68
733,819,BRANIMACNOR6BR00,ANIM3,1620923790720250,11.68,11.67,11.66,11.69,11.7,11.71,1700,2200,2700,3000,2800,2600,11.68
734,819,BRANIMACNOR6BR00,ANIM3,1620923790720894,11.68,11.67,11.66,11.69,11.7,11.71,1700,2200,2700,3000,2800,2600,11.66
735,819,BRANIMACNOR6BR00,ANIM3,1620923790723076,11.64,11.63,11.62,11.65,11.68,11.69,6700,2000,3800,100,1300,3300,11.65
736,819,BRANIMACNOR6BR00,ANIM3,1620923790723232,11.64,11.63,11.62,11.65,11.68,11.69,6600,2000,3800,100,1300,3300,11.65
737,819,BRANIMACNOR6BR00,ANIM3,1620923790723238,11.64,11.63,11.62,11.65,11.68,11.69,6600,2000,3800,100,1300,3300,11.65
738,819,BRANIMACNOR6BR00,ANIM3,1620923790723288,11.64,11.63,11.62,11.65,11.68,11.69,6600,2000,3800,100,1300,3300,11.65
739,819,BRANIMACNOR6BR00,ANIM3,1620923790725182,11.65,11.64,11.63,11.67,11.68,11.69,300,4500,1100,400,1700,3700,11.65
740,819,BRANIMACNOR6BR00,ANIM3,1620923790725193,11.65,11.64,11.63,11.67,11.68,11.69,300,4500,1100,500,1700,3700,11.65
741,819,BRANIMACNOR6BR00,ANIM3,1620923790726475,11.65,11.64,11.63,11.67,11.68,11.69,1000,4400,1100,1400,1700,3700,11.65
742,819,BRANIMACNOR6BR00,ANIM3,1620923790731330,11.66,11.65,11.64,11.67,11.68,11.69,100,1000,4400,1500,1700,3600,11.65
743,819,BRANIMACNOR6BR00,ANIM3,1620923790732435,11.66,11.65,11.64,11.67,11.68,11.69,200,900,4400,1500,1700,3600,11.65
744,819,BRANIMACNOR6BR00,ANIM3,1620923790948633,11.66,11.65,11.64,11.67,11.68,11.69,100,900,4000,1500,1700,3600,11.65
745,819,BRANIMACNOR6BR00,ANIM3,1620923790948662,11.66,11.65,11.64,11.67,11.68,11.69,100,900,4000,1500,1700,3600,11.65
746,819,BRANIMACNOR6BR00,ANIM3,1620923791432395,11.65,11.64,11.63,11.67,11.68,11.69,800,5000,1800,2600,1400,2500,11.65
747,819,BRANIMACNOR6BR00,ANIM3,1620923791432977,11.65,11.64,11.63,11.67,11.68,11.69,800,5000,1800,2600,2500,2500,11.65
748,819,BRANIMACNOR6BR00,ANIM3,1620923791434109,11.65,11.64,11.63,11.67,11.68,11.69,900,5000,1800,2600,2800,2500,11.65
749,819,BRANIMACNOR6BR00,ANIM3,1620923795111991,11.66,11.65,11.64,11.67,11.68,11.69,100,1600,1200,3200,2600,1900,11.65
750,819,BRANIMACNOR6BR00,ANIM3,1620923795113238,11.66,11.65,11.64,11.67,11.68,11.69,100,1500,1200,3200,2600,1900,11.65
751,819,BRANIMACNOR6BR00,ANIM3,1620923797871381,11.66,11.65,11.64,11.67,11.68,11.69,100,1500,1200,3500,2600,1900,11.65
752,819,BRANIMACNOR6BR00,ANIM3,1620923797872581,11.65,11.64,11.63,11.67,11.68,11.69,1600,1200,1800,3500,2600,1900,11.65
753,819,BRANIMACNOR6BR00,ANIM3,1620923805905193,11.65,11.64,11.63,11.66,11.67,11.68,500,900,2200,2200,1500,2800,11.65
754,819,BRANIMACNOR6BR00,ANIM3,1620923805906129,11.65,11.64,11.63,11.66,11.67,11.68,500,900,2200,2300,1500,2800,11.65
755,819,BRANIMACNOR6BR00,ANIM3,1620923805907344,11.65,11.64,11.63,11.66,11.67,11.68,700,900,2200,2300,1500,2800,11.65
756,819,BRANIMACNOR6BR00,ANIM3,1620923810698263,11.66,11.65,11.64,11.67,11.68,11.69,100,1600,1700,400,2800,2600,11.66
757,819,BRANIMACNOR6BR00,ANIM3,1620923810699611,11.66,11.65,11.64,11.67,11.68,11.69,1100,2000,1400,1100,2500,2600,11.66
758,819,BRANIMACNOR6BR00,ANIM3,1620923815022632,11.67,11.66,11.65,11.68,11.69,11.7,100,5500,1400,1600,2600,3600,11.66
759,819,BRANIMACNOR6BR00,ANIM3,1620923815023956,11.67,11.66,11.65,11.68,11.69,11.7,900,5400,1400,1600,1800,4100,11.66
760,819,BRANIMACNOR6BR00,ANIM3,1620923836861636,11.68,11.67,11.66,11.69,11.7,11.71,100,2600,4700,1700,3800,2100,11.68
761,819,BRANIMACNOR6BR00,ANIM3,1620923836861659,11.68,11.67,11.66,11.69,11.7,11.71,100,2600,4700,1700,3800,2100,11.68
762,819,BRANIMACNOR6BR00,ANIM3,1620923911073567,11.69,11.68,11.67,11.7,11.71,11.72,100,7700,2100,11300,2200,6000,11.69
763,819,BRANIMACNOR6BR00,ANIM3,1620923911073599,11.69,11.68,11.67,11.7,11.71,11.72,100,7700,2100,11300,2200,6000,11.69
764,819,BRANIMACNOR6BR00,ANIM3,1620923911074472,11.68,11.67,11.66,11.7,11.71,11.72,8200,1600,1900,11200,1900,6000,11.69
765,819,BRANIMACNOR6BR00,ANIM3,1620923911074491,11.68,11.67,11.66,11.7,11.71,11.72,8200,1600,1900,11200,1900,6000,11.69
766,819,BRANIMACNOR6BR00,ANIM3,1620923911074775,11.69,11.68,11.67,11.7,11.71,11.72,800,8500,1600,11200,1300,6000,11.69
767,819,BRANIMACNOR6BR00,ANIM3,1620923911074799,11.69,11.68,11.67,11.7,11.71,11.72,800,8500,1600,11200,1300,6000,11.69
768,819,BRANIMACNOR6BR00,ANIM3,1620924060513091,11.68,11.67,11.66,11.69,11.7,11.71,800,2800,1900,100,10000,1100,11.69
769,819,BRANIMACNOR6BR00,ANIM3,1620924060514460,11.68,11.67,11.66,11.69,11.7,11.71,900,2700,1900,1500,10200,1400,11.69
770,819,BRANIMACNOR6BR00,ANIM3,1620924083008869,11.68,11.67,11.66,11.69,11.7,11.71,1900,2100,2400,3300,7200,2300,11.68
771,819,BRANIMACNOR6BR00,ANIM3,1620924083009443,11.68,11.67,11.66,11.69,11.7,11.71,1900,2000,2400,3300,7200,2300,11.68
772,819,BRANIMACNOR6BR00,ANIM3,1620924083009467,11.68,11.67,11.66,11.69,11.7,11.71,1900,2000,2400,3300,7200,2300,11.68
773,819,BRANIMACNOR6BR00,ANIM3,1620924083009507,11.68,11.67,11.66,11.69,11.7,11.71,1800,2000,2400,3300,7200,2300,11.68
774,819,BRANIMACNOR6BR00,ANIM3,1620924083009534,11.68,11.67,11.66,11.69,11.7,11.71,1800,2000,2400,3300,7200,2300,11.68
775,819,BRANIMACNOR6BR00,ANIM3,1620924083009708,11.68,11.67,11.66,11.69,11.7,11.71,1800,2000,2400,3400,7200,2300,11.68
776,819,BRANIMACNOR6BR00,ANIM3,1620924083009729,11.68,11.67,11.66,11.69,11.7,11.71,1800,2000,2400,3400,7200,2300,11.68
777,819,BRANIMACNOR6BR00,ANIM3,1620924083009755,11.68,11.67,11.66,11.69,11.7,11.71,1800,2000,2400,3500,7200,2300,11.68
778,819,BRANIMACNOR6BR00,ANIM3,1620924083009778,11.68,11.67,11.66,11.69,11.7,11.71,1800,2000,2400,3500,7200,2300,11.68
779,819,BRANIMACNOR6BR00,ANIM3,1620924083009799,11.68,11.67,11.66,11.69,11.7,11.71,1800,2000,2400,3600,7200,2300,11.68
780,819,BRANIMACNOR6BR00,ANIM3,1620924083009827,11.68,11.67,11.66,11.69,11.7,11.71,1800,2000,2400,3600,7200,2300,11.68
781,819,BRANIMACNOR6BR00,ANIM3,1620924083145672,11.68,11.67,11.66,11.69,11.7,11.71,1800,2000,2400,3600,7200,2300,11.68
782,819,BRANIMACNOR6BR00,ANIM3,1620924083146849,11.68,11.67,11.66,11.69,11.7,11.71,1800,2000,2400,3600,7200,2300,11.68
783,819,BRANIMACNOR6BR00,ANIM3,1620924099492087,11.67,11.66,11.65,11.69,11.7,11.71,1100,2900,2200,5000,8400,2300,11.67
784,819,BRANIMACNOR6BR00,ANIM3,1620924099492230,11.67,11.66,11.65,11.69,11.7,11.71,1100,2900,2200,5000,8400,2300,11.67
785,819,BRANIMACNOR6BR00,ANIM3,1620924099493016,11.67,11.66,11.65,11.69,11.7,11.71,1100,2900,2200,5000,8700,2300,11.67
786,819,BRANIMACNOR6BR00,ANIM3,1620924099494350,11.67,11.66,11.65,11.68,11.69,11.7,1300,1900,2200,500,5000,8700,11.67
787,819,BRANIMACNOR6BR00,ANIM3,1620924099963260,11.68,11.67,11.66,11.69,11.7,11.71,100,3000,2400,4800,8700,2700,11.68
788,819,BRANIMACNOR6BR00,ANIM3,1620924099964666,11.68,11.67,11.66,11.69,11.7,11.71,100,2900,2700,4000,8400,2700,11.68
789,819,BRANIMACNOR6BR00,ANIM3,1620924099965203,11.68,11.67,11.66,11.69,11.7,11.71,100,2900,2700,4000,8400,2700,11.68
790,819,BRANIMACNOR6BR00,ANIM3,1620924099966346,11.67,11.66,11.65,11.69,11.7,11.71,3000,2700,2200,4000,8400,2700,11.68
791,819,BRANIMACNOR6BR00,ANIM3,1620924106404648,11.67,11.66,11.65,11.69,11.7,11.71,3000,2400,2200,2100,8700,2700,11.68
792,819,BRANIMACNOR6BR00,ANIM3,1620924106406079,11.68,11.67,11.66,11.69,11.7,11.71,300,2900,2900,2000,8400,2700,11.68
793,819,BRANIMACNOR6BR00,ANIM3,1620924120881364,11.68,11.67,11.66,11.69,11.7,11.71,2700,1700,3600,2300,7100,2700,11.68
794,819,BRANIMACNOR6BR00,ANIM3,1620924120881500,11.68,11.67,11.66,11.69,11.7,11.71,2600,1700,3600,2300,7100,2700,11.68
795,819,BRANIMACNOR6BR00,ANIM3,1620924120882689,11.68,11.67,11.66,11.69,11.7,11.71,2600,1700,3600,2400,7100,2700,11.68
796,819,BRANIMACNOR6BR00,ANIM3,1620924128343897,11.69,11.68,11.67,11.7,11.71,11.72,300,3400,1700,7100,2300,6800,11.69
797,819,BRANIMACNOR6BR00,ANIM3,1620924128345348,11.69,11.68,11.67,11.7,11.71,11.72,1600,3800,1200,7100,1300,7300,11.69
798,819,BRANIMACNOR6BR00,ANIM3,1620924203009463,11.69,11.68,11.67,11.7,11.71,11.72,3200,3400,2000,7200,800,6500,11.69
799,819,BRANIMACNOR6BR00,ANIM3,1620924203010097,11.69,11.68,11.67,11.7,11.71,11.72,3200,2200,2000,7200,800,6500,11.69
800,819,BRANIMACNOR6BR00,ANIM3,1620924203011254,11.69,11.68,11.67,11.7,11.71,11.72,3300,1500,2000,8000,800,6500,11.69
801,819,BRANIMACNOR6BR00,ANIM3,1620924279519393,11.7,11.69,11.68,11.71,11.72,11.73,300,5500,3600,200,6300,1700,11.7
802,819,BRANIMACNOR6BR00,ANIM3,1620924279520904,11.7,11.69,11.68,11.71,11.72,11.73,1100,5900,3300,200,4600,1700,11.7
803,819,BRANIMACNOR6BR00,ANIM3,1620924294777165,11.7,11.69,11.68,11.71,11.72,11.73,1100,3500,3700,1900,4400,2200,11.7
804,819,BRANIMACNOR6BR00,ANIM3,1620924294777952,11.7,11.69,11.68,11.71,11.72,11.73,1100,3000,3700,1900,4400,2200,11.7
805,819,BRANIMACNOR6BR00,ANIM3,1620924294779530,11.7,11.69,11.68,11.71,11.72,11.73,1100,3000,3700,2200,4400,2200,11.7
806,819,BRANIMACNOR6BR00,ANIM3,1620924302416929,11.7,11.69,11.68,11.71,11.72,11.73,1100,3400,3700,1700,4400,2200,11.7
807,819,BRANIMACNOR6BR00,ANIM3,1620924302416950,11.7,11.69,11.68,11.71,11.72,11.73,1100,3400,3700,1700,4400,2200,11.7
808,819,BRANIMACNOR6BR00,ANIM3,1620924331304541,11.7,11.69,11.68,11.71,11.72,11.73,1700,2200,3700,2100,4400,2200,11.7
809,819,BRANIMACNOR6BR00,ANIM3,1620924331305264,11.7,11.69,11.68,11.71,11.72,11.73,1700,2100,3700,2100,4400,2200,11.7
810,819,BRANIMACNOR6BR00,ANIM3,1620924331306457,11.7,11.69,11.68,11.71,11.72,11.73,1700,2100,3700,2100,4400,2200,11.71
811,819,BRANIMACNOR6BR00,ANIM3,1620924331306599,11.7,11.69,11.68,11.71,11.72,11.73,1700,2100,3700,2100,4400,2200,11.71
812,819,BRANIMACNOR6BR00,ANIM3,1620924331332269,11.7,11.69,11.68,11.71,11.72,11.73,1800,2100,3700,2100,4400,2200,11.71
813,819,BRANIMACNOR6BR00,ANIM3,1620924331333478,11.7,11.69,11.68,11.71,11.72,11.73,1800,2100,3700,2000,4400,2200,11.71
814,819,BRANIMACNOR6BR00,ANIM3,1620924331333645,11.7,11.69,11.68,11.71,11.72,11.73,1800,2100,3700,2000,4400,2200,11.71
815,819,BRANIMACNOR6BR00,ANIM3,1620924331334036,11.7,11.69,11.68,11.71,11.72,11.73,1800,2100,3700,1900,4400,2200,11.71
816,819,BRANIMACNOR6BR00,ANIM3,1620924331334059,11.7,11.69,11.68,11.71,11.72,11.73,1800,2100,3700,1900,4400,2200,11.71
817,819,BRANIMACNOR6BR00,ANIM3,1620924337877098,11.7,11.69,11.68,11.71,11.72,11.73,1800,2100,3700,2200,4400,2200,11.71
818,819,BRANIMACNOR6BR00,ANIM3,1620924337878363,11.7,11.69,11.68,11.71,11.72,11.73,1800,1600,3700,2100,4400,2200,11.71
819,819,BRANIMACNOR6BR00,ANIM3,1620924337878569,11.7,11.69,11.68,11.71,11.72,11.73,1800,1600,3700,2100,4400,2200,11.71
820,819,BRANIMACNOR6BR00,ANIM3,1620924337879240,11.7,11.69,11.68,11.71,11.72,11.73,1800,1600,4200,2100,4400,2200,11.71
821,819,BRANIMACNOR6BR00,ANIM3,1620924337880482,11.7,11.69,11.68,11.71,11.72,11.73,1800,1600,4200,2000,4400,2200,11.71
822,819,BRANIMACNOR6BR00,ANIM3,1620924337880651,11.7,11.69,11.68,11.71,11.72,11.73,1800,1600,4200,2000,4400,2200,11.71
823,1080,BRAZULACNPR4BR00,AZUL4,1620923733879987,39.07,39.06,39.05,39.1,39.11,39.12,2000,3800,2200,11100,8600,24500,39.08
824,1080,BRAZULACNPR4BR00,AZUL4,1620923733880008,39.07,39.06,39.05,39.1,39.11,39.12,2000,3800,2200,11100,8600,24500,39.08
825,1080,BRAZULACNPR4BR00,AZUL4,1620923734300968,39.07,39.06,39.05,39.1,39.11,39.12,2000,3800,2200,11100,8600,24500,39.08
826,1080,BRAZULACNPR4BR00,AZUL4,1620923734300988,39.07,39.06,39.05,39.1,39.11,39.12,2000,3800,2200,11100,8600,24500,39.08
827,1080,BRAZULACNPR4BR00,AZUL4,1620923734437430,39.07,39.06,39.05,39.1,39.11,39.12,2000,3800,2200,11100,8600,24500,39.08
828,1080,BRAZULACNPR4BR00,AZUL4,1620923734437451,39.07,39.06,39.05,39.1,39.11,39.12,2000,3800,2200,11100,8600,24500,39.08
829,1080,BRAZULACNPR4BR00,AZUL4,1620923735334187,39.07,39.06,39.05,39.1,39.11,39.12,2000,3800,2200,11100,8600,24500,39.08
830,1080,BRAZULACNPR4BR00,AZUL4,1620923735334209,39.07,39.06,39.05,39.1,39.11,39.12,2000,3800,2200,11100,8600,24500,39.08
831,1080,BRAZULACNPR4BR00,AZUL4,1620923737547264,39.07,39.06,39.05,39.1,39.11,39.12,2000,3800,2200,11100,8600,24500,39.08
832,1080,BRAZULACNPR4BR00,AZUL4,1620923737547290,39.07,39.06,39.05,39.1,39.11,39.12,2000,3800,2200,11100,8600,24500,39.08
833,1080,BRAZULACNPR4BR00,AZUL4,1620923737584053,39.07,39.06,39.05,39.09,39.1,39.11,2000,3800,2200,800,11100,8600,39.08
834,1080,BRAZULACNPR4BR00,AZUL4,1620923737584078,39.07,39.06,39.05,39.09,39.1,39.11,2000,3800,2200,800,11100,8600,39.08
835,1080,BRAZULACNPR4BR00,AZUL4,1620923737584658,39.07,39.06,39.05,39.09,39.1,39.11,2000,3300,2200,800,11100,8600,39.08
836,1080,BRAZULACNPR4BR00,AZUL4,1620923737584680,39.07,39.06,39.05,39.09,39.1,39.11,2000,3300,2200,800,11100,8600,39.08
837,1080,BRAZULACNPR4BR00,AZUL4,1620923737584841,39.07,39.06,39.05,39.09,39.1,39.11,2000,3300,2200,800,11900,8600,39.08
838,1080,BRAZULACNPR4BR00,AZUL4,1620923737584865,39.07,39.06,39.05,39.09,39.1,39.11,2000,3300,2200,800,11900,8600,39.08
839,1080,BRAZULACNPR4BR00,AZUL4,1620923737585081,39.07,39.06,39.05,39.09,39.1,39.11,2000,3300,2200,800,11900,8600,39.08
840,1080,BRAZULACNPR4BR00,AZUL4,1620923737585102,39.07,39.06,39.05,39.09,39.1,39.11,2000,3300,2200,800,11900,8600,39.08
841,1080,BRAZULACNPR4BR00,AZUL4,1620923737585314,39.07,39.06,39.05,39.09,39.1,39.11,2000,2500,2200,800,11900,8600,39.08
842,1080,BRAZULACNPR4BR00,AZUL4,1620923737585331,39.07,39.06,39.05,39.09,39.1,39.11,2000,2500,2200,800,11900,8600,39.08
843,1080,BRAZULACNPR4BR00,AZUL4,1620923737585513,39.07,39.06,39.05,39.09,39.1,39.11,1600,2500,2200,800,11900,8600,39.08
844,1080,BRAZULACNPR4BR00,AZUL4,1620923737585538,39.07,39.06,39.05,39.09,39.1,39.11,1600,2500,2200,800,11900,8600,39.08
845,1080,BRAZULACNPR4BR00,AZUL4,1620923737586020,39.07,39.06,39.05,39.09,39.1,39.11,1600,2300,2200,800,11900,8600,39.08
846,1080,BRAZULACNPR4BR00,AZUL4,1620923737586041,39.07,39.06,39.05,39.09,39.1,39.11,1600,2100,2200,800,11900,8600,39.08
847,1080,BRAZULACNPR4BR00,AZUL4,1620923737586326,39.07,39.06,39.05,39.09,39.1,39.11,1600,2100,3000,800,11900,8600,39.08
848,1080,BRAZULACNPR4BR00,AZUL4,1620923737586347,39.07,39.06,39.05,39.09,39.1,39.11,1600,2100,3000,800,11900,8600,39.08
849,1080,BRAZULACNPR4BR00,AZUL4,1620923737729136,39.07,39.06,39.05,39.09,39.1,39.11,1600,2100,3000,800,11900,8600,39.08
850,1080,BRAZULACNPR4BR00,AZUL4,1620923737730369,39.07,39.06,39.05,39.09,39.1,39.11,1600,2100,3000,900,11900,8600,39.08
851,1080,BRAZULACNPR4BR00,AZUL4,1620923782101772,39.07,39.06,39.05,39.08,39.09,39.1,700,1400,1600,500,1600,6500,39.07
852,1080,BRAZULACNPR4BR00,AZUL4,1620923782101806,39.07,39.06,39.05,39.08,39.09,39.1,700,1400,1600,500,1600,6500,39.07
853,1080,BRAZULACNPR4BR00,AZUL4,1620923797955752,39.05,39.04,39.03,39.07,39.08,39.09,200,1400,900,500,1300,2900,39.06
854,1080,BRAZULACNPR4BR00,AZUL4,1620923797957053,39.05,39.04,39.03,39.07,39.08,39.09,200,1400,700,1600,1300,2800,39.06
855,1080,BRAZULACNPR4BR00,AZUL4,1620923821507263,39.06,39.05,39.04,39.07,39.08,39.09,500,1500,2000,100,200,2200,39.05
856,1080,BRAZULACNPR4BR00,AZUL4,1620923821508460,39.06,39.05,39.04,39.08,39.09,39.1,500,1500,2000,300,2200,7800,39.05
857,1080,BRAZULACNPR4BR00,AZUL4,1620923844502900,39.06,39.05,39.04,39.08,39.09,39.1,2500,2300,3100,300,1300,6700,39.08
