,MappingNumber,EsteeID,Ticker, CurrTimeInMicroSeconds, BP1, BP2, BP3, AP1, AP2, AP3, BQ1, BQ2, BQ3, AQ1, AQ2, AQ3, LTP
0,129,BRAALRACNOR6BR00,AALR3,1621960229345535,10.96,10.95,10.94,10.98,10.99,11.0,300,900,400,700,700,1800,10.97
1,129,BRAALRACNOR6BR00,AALR3,1621960229346833,10.96,10.95,10.94,10.98,10.99,11.0,800,1300,400,300,700,1800,10.97
2,129,BRAALRACNOR6BR00,AALR3,1621960229349954,10.97,10.96,10.95,10.99,11.0,11.01,400,900,1300,700,1800,600,10.98
3,129,BRAALRACNOR6BR00,AALR3,1621960229351270,10.97,10.96,10.95,10.99,11.0,11.01,700,400,1300,700,1800,600,10.98
4,129,BRAALRACNOR6BR00,AALR3,1621960229504884,10.98,10.97,10.96,11.0,11.01,11.02,400,1000,700,1400,200,600,11.0
5,129,BRAALRACNOR6BR00,AALR3,1621960229506188,10.98,10.97,10.96,11.0,11.01,11.02,700,900,700,1400,200,600,11.0
6,129,BRAALRACNOR6BR00,AALR3,1621960232800609,10.99,10.98,10.97,11.0,11.01,11.02,300,500,1100,1400,700,600,10.99
7,129,BRAALRACNOR6BR00,AALR3,1621960232801920,10.99,10.97,10.96,11.0,11.01,11.02,400,1100,400,1400,700,600,10.99
8,129,BRAALRACNOR6BR00,AALR3,1621960233409753,10.97,10.96,10.95,11.0,11.01,11.02,1100,400,1300,1400,700,600,10.99
9,129,BRAALRACNOR6BR00,AALR3,1621960233410001,10.97,10.96,10.95,11.0,11.01,11.02,1100,400,1300,1400,700,600,10.99
10,129,BRAALRACNOR6BR00,AALR3,1621960233410794,10.97,10.96,10.95,11.0,11.01,11.02,1100,400,1700,1400,700,600,10.99
11,129,BRAALRACNOR6BR00,AALR3,1621960233412062,10.97,10.96,10.95,11.0,11.01,11.02,1200,400,1700,1400,700,600,10.99
12,129,BRAALRACNOR6BR00,AALR3,1621960237336870,10.98,10.97,10.96,11.0,11.01,11.02,400,1200,400,1300,700,600,11.0
13,129,BRAALRACNOR6BR00,AALR3,1621960237338166,10.98,10.97,10.96,11.0,11.01,11.02,700,1200,400,1300,700,600,11.0
14,129,BRAALRACNOR6BR00,AALR3,1621960238929857,10.99,10.98,10.97,11.01,11.02,11.03,400,1200,1100,300,200,600,11.0
15,129,BRAALRACNOR6BR00,AALR3,1621960238931141,10.99,10.98,10.97,11.01,11.02,11.03,900,1100,1100,300,200,600,11.0
16,129,BRAALRACNOR6BR00,AALR3,1621960239317767,11.0,10.99,10.98,11.02,11.03,11.04,400,900,1100,600,200,400,11.01
17,129,BRAALRACNOR6BR00,AALR3,1621960239319113,11.0,10.99,10.98,11.02,11.03,11.04,700,900,1400,600,200,400,11.01
18,129,BRAALRACNOR6BR00,AALR3,1621960239430299,10.99,10.98,10.97,11.02,11.03,11.04,800,1400,1300,700,600,2100,11.0
19,129,BRAALRACNOR6BR00,AALR3,1621960239430503,10.99,10.98,10.97,11.02,11.03,11.04,800,1400,1300,700,600,2100,11.0
20,129,BRAALRACNOR6BR00,AALR3,1621960239430856,10.99,10.98,10.97,11.02,11.03,11.04,800,1400,1300,300,600,2100,11.0
21,129,BRAALRACNOR6BR00,AALR3,1621960239432150,10.99,10.98,10.97,11.01,11.02,11.03,900,1000,1300,400,800,600,11.0
22,129,BRAALRACNOR6BR00,AALR3,1621960239462792,11.0,10.99,10.98,11.01,11.02,11.03,600,900,1000,700,1100,600,11.0
23,129,BRAALRACNOR6BR00,AALR3,1621960239463963,11.0,10.99,10.98,11.01,11.02,11.03,700,400,600,300,1100,600,11.0
24,129,BRAALRACNOR6BR00,AALR3,1621960239577006,11.0,10.99,10.98,11.02,11.03,11.04,100,400,1000,800,600,2100,11.0
25,129,BRAALRACNOR6BR00,AALR3,1621960239578442,10.99,10.98,10.97,11.01,11.02,11.03,500,600,700,800,800,600,11.0
26,129,BRAALRACNOR6BR00,AALR3,1621960239725206,11.0,10.99,10.97,11.01,11.02,11.03,400,900,700,800,800,600,11.0
27,129,BRAALRACNOR6BR00,AALR3,1621960239726515,11.0,10.99,10.97,11.01,11.02,11.03,500,800,700,400,800,600,11.0
28,129,BRAALRACNOR6BR00,AALR3,1621960239934514,10.99,10.98,10.97,11.01,11.02,11.03,800,400,700,200,800,600,11.0
29,129,BRAALRACNOR6BR00,AALR3,1621960239934722,10.99,10.98,10.97,11.01,11.02,11.03,800,400,700,200,800,600,11.0
30,129,BRAALRACNOR6BR00,AALR3,1621960239935466,10.99,10.97,10.96,11.01,11.02,11.03,800,700,800,200,800,600,11.0
31,129,BRAALRACNOR6BR00,AALR3,1621960239936721,10.99,10.97,10.96,11.01,11.02,11.03,900,300,400,700,800,600,11.0
32,129,BRAALRACNOR6BR00,AALR3,1621960314497815,10.99,10.98,10.97,11.0,11.01,11.02,400,600,200,1700,500,600,10.99
33,129,BRAALRACNOR6BR00,AALR3,1621960314498947,10.98,10.97,10.96,11.0,11.01,11.02,600,200,2100,1700,500,600,10.99
34,129,BRAALRACNOR6BR00,AALR3,1621960314500405,10.98,10.97,10.96,10.99,11.0,11.01,700,200,2100,800,1700,900,10.99
35,129,BRAALRACNOR6BR00,AALR3,1621960314650422,10.98,10.97,10.96,11.0,11.01,11.02,100,800,2100,1700,900,600,10.99
36,129,BRAALRACNOR6BR00,AALR3,1621960314651805,10.97,10.96,10.95,11.0,11.01,11.02,900,2100,800,1700,500,600,10.99
37,129,BRAALRACNOR6BR00,AALR3,1621960321485565,10.98,10.97,10.96,10.99,11.0,11.01,200,600,400,1600,1200,500,10.97
38,129,BRAALRACNOR6BR00,AALR3,1621960321486939,10.98,10.97,10.96,10.99,11.0,11.01,300,500,400,1500,1200,500,10.97
39,129,BRAALRACNOR6BR00,AALR3,1621960321598863,10.98,10.97,10.96,10.99,11.0,11.01,100,500,400,1500,1200,500,10.98
40,129,BRAALRACNOR6BR00,AALR3,1621960321600235,10.97,10.96,10.95,10.99,11.0,11.01,600,400,800,1600,1200,500,10.98
41,129,BRAALRACNOR6BR00,AALR3,1621960325495098,10.97,10.96,10.95,10.99,11.0,11.01,600,1000,800,1900,1200,500,10.98
42,129,BRAALRACNOR6BR00,AALR3,1621960325495367,10.92,10.91,10.9,10.99,11.0,11.01,600,800,900,1900,1200,500,10.92
43,129,BRAALRACNOR6BR00,AALR3,1621960325496963,10.92,10.91,10.9,10.98,10.99,11.0,900,800,900,800,1900,1600,10.92
44,129,BRAALRACNOR6BR00,AALR3,1621960325498721,10.93,10.92,10.91,10.97,10.98,10.99,400,900,800,800,1100,1900,10.92
45,129,BRAALRACNOR6BR00,AALR3,1621960325500032,10.93,10.92,10.91,10.96,10.97,10.98,700,800,800,400,800,1100,10.92
46,129,BRAALRACNOR6BR00,AALR3,1621960325500719,10.94,10.93,10.92,10.97,10.98,10.99,400,700,800,800,1100,1900,10.92
47,129,BRAALRACNOR6BR00,AALR3,1621960325501910,10.94,10.93,10.92,10.97,10.98,10.99,500,1100,800,800,1700,1900,10.92
48,129,BRAALRACNOR6BR00,AALR3,1621960325637006,10.95,10.94,10.93,10.97,10.98,10.99,400,1000,3800,400,700,1800,10.97
49,129,BRAALRACNOR6BR00,AALR3,1621960325638401,10.95,10.94,10.93,10.97,10.98,10.99,700,900,3800,400,700,1800,10.97
50,129,BRAALRACNOR6BR00,AALR3,1621960354084495,10.96,10.95,10.94,10.98,10.99,11.0,400,2400,500,500,500,900,10.97
51,129,BRAALRACNOR6BR00,AALR3,1621960354085818,10.96,10.95,10.94,10.98,10.99,11.0,800,2300,500,200,500,900,10.97
52,129,BRAALRACNOR6BR00,AALR3,1621960360764699,10.97,10.96,10.95,10.98,10.99,11.0,400,600,2100,700,800,900,10.97
53,129,BRAALRACNOR6BR00,AALR3,1621960360766027,10.97,10.96,10.95,10.98,10.99,11.0,500,100,2100,700,800,900,10.97
54,129,BRAALRACNOR6BR00,AALR3,1621960363730562,10.98,10.97,10.96,10.99,11.0,11.01,400,1100,100,1000,900,2100,10.98
55,129,BRAALRACNOR6BR00,AALR3,1621960363731842,10.98,10.97,10.96,10.99,11.0,11.01,500,1000,100,1000,900,2100,10.98
56,129,BRAALRACNOR6BR00,AALR3,1621960368319818,10.98,10.97,10.95,10.99,11.0,11.01,100,1100,2500,1000,1100,2100,10.98
57,129,BRAALRACNOR6BR00,AALR3,1621960368321037,10.97,10.95,10.94,10.99,11.0,11.01,1200,2500,400,1000,1100,2100,10.98
58,129,BRAALRACNOR6BR00,AALR3,1621960377130388,10.98,10.97,10.95,10.99,11.0,11.01,100,2200,1200,1400,900,2100,10.98
59,129,BRAALRACNOR6BR00,AALR3,1621960377131684,10.98,10.97,10.95,10.99,11.0,11.01,200,2100,1200,1400,900,2100,10.98
60,129,BRAALRACNOR6BR00,AALR3,1621960384941522,10.99,10.98,10.97,11.0,11.01,11.02,300,800,2000,600,400,400,11.0
61,129,BRAALRACNOR6BR00,AALR3,1621960384942879,10.99,10.98,10.97,11.0,11.01,11.02,400,700,2000,600,400,400,11.0
62,129,BRAALRACNOR6BR00,AALR3,1621960397881249,10.98,10.97,10.96,11.0,11.01,11.02,600,1400,400,1000,600,400,10.99
63,129,BRAALRACNOR6BR00,AALR3,1621960397881378,10.98,10.97,10.96,11.0,11.01,11.02,600,1400,400,1000,600,400,10.99
64,129,BRAALRACNOR6BR00,AALR3,1621960397882188,10.98,10.97,10.95,11.0,11.01,11.02,600,1400,700,1000,600,400,10.99
65,129,BRAALRACNOR6BR00,AALR3,1621960397883408,10.98,10.97,10.95,10.99,11.0,11.01,700,1400,400,400,1000,600,10.99
66,129,BRAALRACNOR6BR00,AALR3,1621960398008884,10.98,10.97,10.95,11.0,11.01,11.02,100,2000,400,1200,600,400,10.99
67,129,BRAALRACNOR6BR00,AALR3,1621960398010172,10.99,10.97,10.95,11.0,11.01,11.02,600,2100,400,1200,600,400,10.99
68,129,BRAALRACNOR6BR00,AALR3,1621960398010965,10.99,10.97,10.95,11.0,11.01,11.02,600,2100,400,1200,600,800,10.99
69,129,BRAALRACNOR6BR00,AALR3,1621960398012453,10.99,10.97,10.95,11.0,11.01,11.02,700,2000,400,1200,600,800,10.99
70,129,BRAALRACNOR6BR00,AALR3,1621960407940551,10.99,10.97,10.95,11.0,11.01,11.02,600,2000,400,1400,400,400,10.99
71,132,BRABCBACNPR4BR00,ABCB4,1621960230152814,15.73,15.72,15.71,15.75,15.76,15.77,2000,400,2300,900,1000,3500,15.73
72,132,BRABCBACNPR4BR00,ABCB4,1621960230154203,15.73,15.72,15.71,15.75,15.76,15.77,2100,400,2300,900,1000,3500,15.73
73,132,BRABCBACNPR4BR00,ABCB4,1621960256295059,15.74,15.73,15.72,15.75,15.76,15.77,300,2000,400,700,900,4300,15.73
74,132,BRABCBACNPR4BR00,ABCB4,1621960256296646,15.74,15.73,15.72,15.75,15.76,15.77,600,1900,500,700,900,4300,15.73
75,132,BRABCBACNPR4BR00,ABCB4,1621960294010281,15.75,15.74,15.73,15.76,15.77,15.78,100,900,1800,300,4200,1900,15.75
76,132,BRABCBACNPR4BR00,ABCB4,1621960294011536,15.75,15.74,15.73,15.76,15.77,15.78,200,800,1800,300,2900,1900,15.75
77,132,BRABCBACNPR4BR00,ABCB4,1621960322398885,15.75,15.74,15.73,15.76,15.77,15.78,1700,600,1500,500,2700,2900,15.75
78,132,BRABCBACNPR4BR00,ABCB4,1621960322399390,15.75,15.74,15.73,15.76,15.77,15.78,1700,600,1400,500,2700,2900,15.75
79,132,BRABCBACNPR4BR00,ABCB4,1621960322400609,15.75,15.74,15.73,15.76,15.77,15.78,1800,600,1400,500,2700,2900,15.75
80,132,BRABCBACNPR4BR00,ABCB4,1621960378329507,15.76,15.75,15.74,15.77,15.78,15.79,200,1900,300,2600,2400,1300,15.77
81,132,BRABCBACNPR4BR00,ABCB4,1621960378330857,15.76,15.75,15.74,15.77,15.78,15.79,300,1800,400,2600,1100,1900,15.77
82,132,BRABCBACNPR4BR00,ABCB4,1621960380560699,15.75,15.74,15.73,15.77,15.78,15.79,1700,400,1700,2500,900,2600,15.76
83,132,BRABCBACNPR4BR00,ABCB4,1621960380560819,15.75,15.74,15.73,15.77,15.78,15.79,1700,400,1700,2500,900,2600,15.76
84,132,BRABCBACNPR4BR00,ABCB4,1621960380561373,15.75,15.74,15.73,15.77,15.78,15.79,1700,400,1500,2500,900,2600,15.76
85,132,BRABCBACNPR4BR00,ABCB4,1621960380562550,15.75,15.74,15.73,15.77,15.78,15.79,1800,300,1500,2500,900,2600,15.76
86,132,BRABCBACNPR4BR00,ABCB4,1621960407939105,15.75,15.74,15.73,15.77,15.78,15.79,1800,500,1600,3100,900,2600,15.75
87,138,BRABEVACNOR1BR00,ABEV3,1621960227766085,17.59,17.58,17.57,17.61,17.62,17.63,13700,21900,20200,17600,34300,26400,17.61
88,138,BRABEVACNOR1BR00,ABEV3,1621960227767401,17.59,17.58,17.57,17.61,17.62,17.63,13700,21900,20200,17700,34300,26400,17.61
89,138,BRABEVACNOR1BR00,ABEV3,1621960232942604,17.59,17.58,17.57,17.6,17.61,17.62,13700,21900,20200,1000,18400,35100,17.61
90,138,BRABEVACNOR1BR00,ABEV3,1621960232944140,17.59,17.58,17.57,17.6,17.61,17.62,13600,21900,20200,1100,18300,35100,17.61
91,138,BRABEVACNOR1BR00,ABEV3,1621960234983128,17.59,17.58,17.57,17.6,17.61,17.62,13100,16500,23200,2900,14900,31800,17.6
92,138,BRABEVACNOR1BR00,ABEV3,1621960234984570,17.59,17.58,17.57,17.6,17.61,17.62,13100,16500,23200,2900,11800,31800,17.6
93,138,BRABEVACNOR1BR00,ABEV3,1621960234991437,17.59,17.58,17.57,17.6,17.61,17.62,13100,21800,20200,1800,11800,31800,17.6
94,138,BRABEVACNOR1BR00,ABEV3,1621960237860614,17.59,17.58,17.57,17.6,17.61,17.62,13100,18800,22800,1900,10900,36200,17.6
95,138,BRABEVACNOR1BR00,ABEV3,1621960237912714,17.59,17.58,17.57,17.6,17.61,17.62,13100,21900,20200,1900,10900,36200,17.6
96,138,BRABEVACNOR1BR00,ABEV3,1621960237916385,17.59,17.58,17.57,17.6,17.61,17.62,13100,21900,20200,2000,10900,36200,17.6
97,138,BRABEVACNOR1BR00,ABEV3,1621960238524761,17.6,17.59,17.58,17.61,17.62,17.63,1600,13100,21900,10800,33900,25500,17.6
98,138,BRABEVACNOR1BR00,ABEV3,1621960238524833,17.6,17.59,17.58,17.61,17.62,17.63,1600,13100,21900,10800,33900,25500,17.6
99,138,BRABEVACNOR1BR00,ABEV3,1621960238527870,17.6,17.59,17.58,17.61,17.62,17.63,1600,13100,21900,10700,33900,25500,17.6
100,138,BRABEVACNOR1BR00,ABEV3,1621960238539889,17.6,17.59,17.58,17.61,17.62,17.63,5200,13100,21900,8200,32200,25500,17.6
101,138,BRABEVACNOR1BR00,ABEV3,1621960243430509,17.6,17.59,17.58,17.61,17.62,17.63,4200,14700,21900,13100,28300,27900,17.61
102,138,BRABEVACNOR1BR00,ABEV3,1621960243434867,17.6,17.59,17.58,17.61,17.62,17.63,3600,14700,21900,13100,28300,27900,17.61
103,138,BRABEVACNOR1BR00,ABEV3,1621960243463265,17.59,17.58,17.57,17.61,17.62,17.63,18700,18800,20200,15600,24100,27900,17.61
104,138,BRABEVACNOR1BR00,ABEV3,1621960258424533,17.59,17.58,17.57,17.6,17.61,17.62,20300,21900,20200,200,15200,30700,17.61
105,138,BRABEVACNOR1BR00,ABEV3,1621960258425931,17.59,17.58,17.57,17.6,17.61,17.62,20200,18700,20200,300,15100,32300,17.61
106,138,BRABEVACNOR1BR00,ABEV3,1621960258650327,17.6,17.59,17.58,17.61,17.62,17.63,1800,17900,16500,18900,30200,27900,17.6
107,138,BRABEVACNOR1BR00,ABEV3,1621960258651267,17.6,17.59,17.58,17.61,17.62,17.63,1800,17900,16500,18800,30200,27900,17.6
108,138,BRABEVACNOR1BR00,ABEV3,1621960258651335,17.6,17.59,17.58,17.61,17.62,17.63,1800,17900,16500,18800,28600,27900,17.6
109,138,BRABEVACNOR1BR00,ABEV3,1621960258660010,17.6,17.59,17.58,17.61,17.62,17.63,1800,18700,18500,15700,28500,27900,17.6
110,138,BRABEVACNOR1BR00,ABEV3,1621960282477316,17.59,17.58,17.57,17.6,17.61,17.62,20700,25100,20300,200,15700,28400,17.61
111,138,BRABEVACNOR1BR00,ABEV3,1621960282478810,17.59,17.58,17.57,17.6,17.61,17.62,18700,18600,20300,300,15600,31500,17.61
112,138,BRABEVACNOR1BR00,ABEV3,1621960284721339,17.59,17.58,17.57,17.6,17.61,17.62,18200,16600,23400,2400,19100,32500,17.6
113,138,BRABEVACNOR1BR00,ABEV3,1621960284906705,17.59,17.58,17.57,17.6,17.61,17.62,18200,16600,23400,2400,19100,32200,17.6
114,138,BRABEVACNOR1BR00,ABEV3,1621960284907934,17.59,17.58,17.57,17.6,17.61,17.62,18200,16600,23400,2500,21400,32200,17.6
115,138,BRABEVACNOR1BR00,ABEV3,1621960318357391,17.59,17.58,17.57,17.6,17.61,17.62,9000,13100,17800,13900,14100,34400,17.6
116,138,BRABEVACNOR1BR00,ABEV3,1621960318385928,17.59,17.58,17.57,17.6,17.61,17.62,9000,13100,17800,16700,14100,34400,17.6
117,138,BRABEVACNOR1BR00,ABEV3,1621960318387167,17.59,17.58,17.57,17.6,17.61,17.62,9000,13100,17800,16800,14100,34400,17.6
118,138,BRABEVACNOR1BR00,ABEV3,1621960365387113,17.59,17.58,17.57,17.6,17.61,17.62,16400,17800,20000,13100,8800,37900,17.6
119,138,BRABEVACNOR1BR00,ABEV3,1621960365398532,17.59,17.58,17.57,17.6,17.61,17.62,16400,17800,20000,13200,8800,37900,17.6
120,138,BRABEVACNOR1BR00,ABEV3,1621960365399763,17.59,17.58,17.57,17.6,17.61,17.62,16400,17800,20000,13300,8800,37900,17.6
121,138,BRABEVACNOR1BR00,ABEV3,1621960390356417,17.58,17.57,17.56,17.59,17.6,17.61,14900,20200,33200,1000,22200,12400,17.59
122,138,BRABEVACNOR1BR00,ABEV3,1621960390360649,17.58,17.57,17.56,17.59,17.6,17.61,10000,15000,35700,1100,22900,15700,17.59
123,138,BRABEVACNOR1BR00,ABEV3,1621960392002402,17.58,17.57,17.56,17.59,17.6,17.61,18500,18200,38700,900,22000,18200,17.59
124,138,BRABEVACNOR1BR00,ABEV3,1621960392003260,17.58,17.57,17.56,17.59,17.6,17.61,18500,21300,35700,900,22000,18200,17.59
125,138,BRABEVACNOR1BR00,ABEV3,1621960392004520,17.58,17.57,17.56,17.59,17.6,17.61,18500,21300,35700,1000,22000,18200,17.59
126,138,BRABEVACNOR1BR00,ABEV3,1621960403807815,17.58,17.57,17.56,17.59,17.6,17.61,28600,21100,35700,11200,11100,18200,17.59
127,138,BRABEVACNOR1BR00,ABEV3,1621960404542845,17.58,17.57,17.56,17.59,17.6,17.61,28600,21100,35700,11200,11100,18200,17.59
128,138,BRABEVACNOR1BR00,ABEV3,1621960404544391,17.58,17.57,17.56,17.59,17.6,17.61,28600,21100,35700,11300,11100,18200,17.59
129,138,BRABEVACNOR1BR00,ABEV3,1621960407220392,17.58,17.57,17.56,17.59,17.6,17.61,28400,21100,35700,11300,11100,18200,17.58
130,138,BRABEVACNOR1BR00,ABEV3,1621960407221433,17.58,17.57,17.56,17.59,17.6,17.61,28400,21100,35700,11200,11100,18200,17.58
131,138,BRABEVACNOR1BR00,ABEV3,1621960479902647,17.57,17.56,17.55,17.58,17.59,17.6,3200,25100,31300,26700,9200,25300,17.58
132,138,BRABEVACNOR1BR00,ABEV3,1621960479903775,17.57,17.56,17.55,17.58,17.59,17.6,3200,25100,31300,26800,9200,25300,17.58
133,138,BRABEVACNOR1BR00,ABEV3,1621960482080489,17.57,17.56,17.55,17.58,17.59,17.6,2500,25100,31300,26700,14400,24400,17.57
134,138,BRABEVACNOR1BR00,ABEV3,1621960482081654,17.57,17.56,17.55,17.58,17.59,17.6,2500,25100,31300,26600,14400,24400,17.57
135,630,BRALPAACNPR7BR00,ALPA4,1621960227942847,44.46,44.45,44.44,44.47,44.49,44.5,100,800,1100,700,400,5400,44.46
136,630,BRALPAACNPR7BR00,ALPA4,1621960227944116,44.46,44.45,44.44,44.47,44.49,44.5,200,800,1100,700,400,5400,44.46
137,630,BRALPAACNPR7BR00,ALPA4,1621960235008972,44.47,44.46,44.45,44.49,44.5,44.51,800,600,800,300,5400,700,44.47
138,630,BRALPAACNPR7BR00,ALPA4,1621960235010678,44.47,44.46,44.45,44.49,44.5,44.51,1100,500,900,100,4600,700,44.47
139,630,BRALPAACNPR7BR00,ALPA4,1621960236450438,44.48,44.47,44.46,44.5,44.51,44.52,800,1200,400,4500,600,600,44.49
140,630,BRALPAACNPR7BR00,ALPA4,1621960236452109,44.48,44.47,44.46,44.5,44.51,44.52,900,1100,400,4500,500,200,44.49
141,630,BRALPAACNPR7BR00,ALPA4,1621960237793177,44.49,44.48,44.47,44.5,44.51,44.52,100,1300,1100,4600,500,200,44.49
142,630,BRALPAACNPR7BR00,ALPA4,1621960237794773,44.49,44.48,44.47,44.5,44.51,44.52,200,1200,1100,4600,400,100,44.49
143,630,BRALPAACNPR7BR00,ALPA4,1621960238543075,44.5,44.49,44.48,44.51,44.52,44.53,800,300,1100,400,100,500,44.5
144,630,BRALPAACNPR7BR00,ALPA4,1621960238543101,44.5,44.49,44.48,44.51,44.52,44.53,800,300,1100,400,100,500,44.5
145,630,BRALPAACNPR7BR00,ALPA4,1621960239307587,44.51,44.5,44.49,44.54,44.55,44.56,100,1100,400,1300,300,800,44.54
146,630,BRALPAACNPR7BR00,ALPA4,1621960239309227,44.51,44.5,44.49,44.54,44.55,44.56,300,1200,300,1300,200,800,44.54
147,630,BRALPAACNPR7BR00,ALPA4,1621960240545094,44.52,44.51,44.5,44.55,44.56,44.57,100,500,1200,1400,800,1300,44.55
148,630,BRALPAACNPR7BR00,ALPA4,1621960240546529,44.52,44.51,44.5,44.55,44.56,44.57,400,600,1200,1300,200,1100,44.55
149,630,BRALPAACNPR7BR00,ALPA4,1621960240705937,44.51,44.5,44.49,44.55,44.56,44.57,100,1300,500,1300,200,1000,44.51
150,630,BRALPAACNPR7BR00,ALPA4,1621960240706084,44.51,44.5,44.49,44.55,44.56,44.57,100,1300,500,1300,200,1000,44.51
151,630,BRALPAACNPR7BR00,ALPA4,1621960240706588,44.51,44.5,44.49,44.55,44.56,44.57,100,1300,400,1300,200,1000,44.51
152,630,BRALPAACNPR7BR00,ALPA4,1621960240707804,44.51,44.5,44.49,44.54,44.55,44.56,200,1300,400,100,1900,200,44.51
153,630,BRALPAACNPR7BR00,ALPA4,1621960240793873,44.52,44.51,44.5,44.54,44.55,44.56,100,200,1200,300,2000,300,44.51
154,630,BRALPAACNPR7BR00,ALPA4,1621960240795596,44.52,44.51,44.5,44.54,44.55,44.56,400,100,1200,300,1900,300,44.51
155,630,BRALPAACNPR7BR00,ALPA4,1621960244610470,44.52,44.51,44.5,44.54,44.55,44.56,100,100,1200,1800,400,400,44.52
156,630,BRALPAACNPR7BR00,ALPA4,1621960244610718,44.52,44.51,44.5,44.54,44.55,44.56,100,100,1200,1800,400,400,44.52
157,630,BRALPAACNPR7BR00,ALPA4,1621960244611892,44.52,44.51,44.5,44.54,44.55,44.56,100,100,1200,1800,400,300,44.52
158,630,BRALPAACNPR7BR00,ALPA4,1621960244613051,44.52,44.51,44.5,44.54,44.55,44.56,200,100,1200,1800,400,300,44.52
159,630,BRALPAACNPR7BR00,ALPA4,1621960247257648,44.51,44.5,44.49,44.53,44.55,44.56,100,1200,500,1800,400,300,44.52
160,630,BRALPAACNPR7BR00,ALPA4,1621960247257845,44.51,44.5,44.49,44.53,44.55,44.56,100,1200,500,1800,400,300,44.52
161,630,BRALPAACNPR7BR00,ALPA4,1621960247258297,44.51,44.5,44.49,44.53,44.55,44.56,100,1100,500,1800,400,300,44.52
162,630,BRALPAACNPR7BR00,ALPA4,1621960247259452,44.51,44.5,44.49,44.53,44.55,44.56,200,1100,400,1800,400,400,44.52
163,630,BRALPAACNPR7BR00,ALPA4,1621960249701373,44.52,44.51,44.5,44.53,44.55,44.56,100,300,1100,1800,400,500,44.52
164,630,BRALPAACNPR7BR00,ALPA4,1621960249702723,44.52,44.51,44.5,44.53,44.55,44.56,200,200,1100,1800,900,500,44.52
165,630,BRALPAACNPR7BR00,ALPA4,1621960262647343,44.52,44.51,44.5,44.53,44.55,44.56,600,400,900,1800,300,500,44.52
166,630,BRALPAACNPR7BR00,ALPA4,1621960263150945,44.52,44.51,44.5,44.53,44.55,44.56,600,400,900,1900,300,500,44.52
167,630,BRALPAACNPR7BR00,ALPA4,1621960263152174,44.52,44.51,44.5,44.53,44.55,44.56,700,400,900,1900,300,500,44.52
168,630,BRALPAACNPR7BR00,ALPA4,1621960306713181,44.52,44.51,44.5,44.53,44.55,44.56,400,500,800,1800,500,500,44.52
169,630,BRALPAACNPR7BR00,ALPA4,1621960306714675,44.51,44.5,44.49,44.53,44.55,44.56,500,800,400,1800,500,500,44.52
170,630,BRALPAACNPR7BR00,ALPA4,1621960306716219,44.51,44.5,44.49,44.53,44.55,44.56,600,800,200,1800,500,500,44.52
171,630,BRALPAACNPR7BR00,ALPA4,1621960309417570,44.52,44.51,44.5,44.53,44.54,44.55,100,600,800,2200,100,600,44.52
172,630,BRALPAACNPR7BR00,ALPA4,1621960309419074,44.52,44.51,44.5,44.53,44.55,44.56,100,500,800,2200,1300,500,44.52
173,630,BRALPAACNPR7BR00,ALPA4,1621960309419889,44.51,44.5,44.49,44.53,44.55,44.56,500,800,200,2200,1300,500,44.52
174,630,BRALPAACNPR7BR00,ALPA4,1621960309420142,44.51,44.5,44.49,44.53,44.55,44.56,500,800,200,2200,1300,500,44.52
175,630,BRALPAACNPR7BR00,ALPA4,1621960309420489,44.51,44.5,44.49,44.53,44.55,44.56,500,800,100,2200,1300,500,44.52
176,630,BRALPAACNPR7BR00,ALPA4,1621960309421702,44.52,44.51,44.5,44.53,44.55,44.56,100,600,800,2200,1300,500,44.52
177,630,BRALPAACNPR7BR00,ALPA4,1621960309503718,44.52,44.51,44.5,44.53,44.55,44.56,100,600,800,2200,1300,500,44.52
178,630,BRALPAACNPR7BR00,ALPA4,1621960309505278,44.52,44.51,44.5,44.53,44.55,44.56,200,500,800,2200,1300,500,44.52
179,630,BRALPAACNPR7BR00,ALPA4,1621960325133060,44.52,44.51,44.5,44.53,44.55,44.56,500,400,800,2300,500,500,44.52
180,630,BRALPAACNPR7BR00,ALPA4,1621960325133940,44.52,44.51,44.5,44.53,44.55,44.56,500,400,800,2300,1000,500,44.52
181,630,BRALPAACNPR7BR00,ALPA4,1621960325135132,44.52,44.51,44.5,44.53,44.55,44.56,600,400,800,2300,1000,500,44.52
182,630,BRALPAACNPR7BR00,ALPA4,1621960333376046,44.53,44.52,44.51,44.54,44.55,44.56,100,600,400,2400,900,500,44.53
183,630,BRALPAACNPR7BR00,ALPA4,1621960333377551,44.53,44.52,44.51,44.54,44.55,44.56,100,500,400,2400,200,400,44.53
184,630,BRALPAACNPR7BR00,ALPA4,1621960333378468,44.52,44.51,44.5,44.54,44.55,44.56,500,400,800,2400,200,400,44.53
185,630,BRALPAACNPR7BR00,ALPA4,1621960333378707,44.52,44.51,44.5,44.54,44.55,44.56,500,400,800,2400,200,400,44.53
186,790,BRALSOACNOR5BR00,ALSO3,1621960228636711,29.52,29.51,29.5,29.53,29.54,29.55,500,1700,5700,500,600,400,29.51
187,790,BRALSOACNOR5BR00,ALSO3,1621960228638132,29.52,29.51,29.5,29.53,29.54,29.55,500,1700,5700,600,600,400,29.51
188,790,BRALSOACNOR5BR00,ALSO3,1621960257029590,29.51,29.5,29.49,29.52,29.53,29.54,1700,5800,500,3500,1400,500,29.52
189,790,BRALSOACNOR5BR00,ALSO3,1621960257030871,29.51,29.5,29.49,29.52,29.53,29.54,1700,5500,300,3600,1300,500,29.52
190,790,BRALSOACNOR5BR00,ALSO3,1621960260460790,29.5,29.49,29.48,29.51,29.52,29.53,6300,800,3300,200,4400,1000,29.5
191,790,BRALSOACNOR5BR00,ALSO3,1621960260461976,29.5,29.49,29.48,29.51,29.52,29.53,6100,800,3300,300,4300,1000,29.5
192,790,BRALSOACNOR5BR00,ALSO3,1621960260721474,29.5,29.49,29.48,29.52,29.53,29.54,5900,1100,3300,4200,1000,500,29.51
193,790,BRALSOACNOR5BR00,ALSO3,1621960260721753,29.5,29.49,29.48,29.52,29.53,29.54,5900,1100,3300,4200,1000,500,29.51
194,790,BRALSOACNOR5BR00,ALSO3,1621960260722199,29.5,29.49,29.48,29.52,29.53,29.54,5900,1100,3300,4500,700,500,29.51
195,790,BRALSOACNOR5BR00,ALSO3,1621960260723559,29.5,29.49,29.48,29.52,29.53,29.54,5900,1100,3300,4600,700,500,29.51
196,790,BRALSOACNOR5BR00,ALSO3,1621960260753682,29.5,29.49,29.48,29.51,29.52,29.53,5900,1100,3300,200,4600,500,29.51
197,790,BRALSOACNOR5BR00,ALSO3,1621960260755010,29.5,29.49,29.48,29.51,29.52,29.53,5900,1100,3300,100,4500,500,29.51
198,790,BRALSOACNOR5BR00,ALSO3,1621960260756373,29.5,29.49,29.48,29.52,29.53,29.54,5900,1100,3300,4500,500,500,29.51
199,790,BRALSOACNOR5BR00,ALSO3,1621960260756633,29.5,29.49,29.48,29.52,29.53,29.54,5900,1100,3300,4500,500,500,29.51
200,790,BRALSOACNOR5BR00,ALSO3,1621960261400088,29.5,29.49,29.48,29.52,29.53,29.54,5900,1100,3300,4200,800,500,29.51
201,790,BRALSOACNOR5BR00,ALSO3,1621960261401328,29.5,29.49,29.48,29.52,29.53,29.54,5900,1100,3300,4300,800,500,29.51
202,790,BRALSOACNOR5BR00,ALSO3,1621960267920098,29.5,29.49,29.48,29.51,29.52,29.53,5900,1100,3300,200,4300,800,29.51
203,790,BRALSOACNOR5BR00,ALSO3,1621960267921454,29.5,29.49,29.48,29.51,29.52,29.53,5900,1100,1800,300,4200,800,29.51
204,790,BRALSOACNOR5BR00,ALSO3,1621960269696674,29.5,29.49,29.48,29.51,29.52,29.53,5600,1100,1800,100,4300,500,29.5
205,790,BRALSOACNOR5BR00,ALSO3,1621960269697910,29.5,29.49,29.48,29.52,29.53,29.54,5700,1100,1800,4200,500,500,29.5
206,790,BRALSOACNOR5BR00,ALSO3,1621960274513262,29.5,29.49,29.48,29.51,29.52,29.53,6100,700,1800,200,4200,800,29.5
207,790,BRALSOACNOR5BR00,ALSO3,1621960274514554,29.5,29.49,29.48,29.51,29.52,29.53,6100,700,1800,300,4100,800,29.5
208,790,BRALSOACNOR5BR00,ALSO3,1621960307298324,29.5,29.49,29.48,29.51,29.52,29.53,4900,300,1500,800,4500,400,29.51
209,790,BRALSOACNOR5BR00,ALSO3,1621960307299153,29.5,29.49,29.48,29.51,29.52,29.53,4900,300,1700,800,4500,400,29.51
210,790,BRALSOACNOR5BR00,ALSO3,1621960307300360,29.5,29.49,29.48,29.51,29.52,29.53,4900,300,1700,900,4500,400,29.51
211,790,BRALSOACNOR5BR00,ALSO3,1621960328633214,29.49,29.48,29.47,29.5,29.51,29.52,700,1400,2800,200,1300,4500,29.5
212,790,BRALSOACNOR5BR00,ALSO3,1621960328634665,29.49,29.48,29.47,29.5,29.51,29.52,700,1200,1300,500,1300,4500,29.5
213,790,BRALSOACNOR5BR00,ALSO3,1621960328638551,29.49,29.48,29.47,29.5,29.51,29.52,700,1200,1200,200,1100,4500,29.5
214,790,BRALSOACNOR5BR00,ALSO3,1621960328639228,29.49,29.48,29.47,29.5,29.51,29.52,700,1200,1300,200,1100,4500,29.5
215,790,BRALSOACNOR5BR00,ALSO3,1621960328640385,29.49,29.48,29.47,29.5,29.51,29.52,700,1400,1300,300,1100,4500,29.5
216,790,BRALSOACNOR5BR00,ALSO3,1621960328774464,29.49,29.48,29.47,29.5,29.51,29.52,400,1700,1300,100,1400,4200,29.5
217,790,BRALSOACNOR5BR00,ALSO3,1621960328774718,29.49,29.48,29.47,29.5,29.51,29.52,400,1700,1300,100,1400,4200,29.5
218,790,BRALSOACNOR5BR00,ALSO3,1621960329134333,29.49,29.48,29.47,29.5,29.51,29.52,400,1700,1300,200,1300,4200,29.5
219,790,BRALSOACNOR5BR00,ALSO3,1621960329135586,29.49,29.48,29.47,29.5,29.51,29.52,400,1700,1300,300,1300,4200,29.5
220,790,BRALSOACNOR5BR00,ALSO3,1621960330660762,29.5,29.49,29.48,29.51,29.52,29.53,100,400,1700,1400,4100,400,29.5
221,790,BRALSOACNOR5BR00,ALSO3,1621960330660934,29.5,29.49,29.48,29.51,29.52,29.53,100,400,1700,1400,4100,400,29.5
222,790,BRALSOACNOR5BR00,ALSO3,1621960330661757,29.5,29.49,29.48,29.51,29.52,29.53,100,400,1900,1400,4100,400,29.5
223,790,BRALSOACNOR5BR00,ALSO3,1621960330663242,29.5,29.49,29.48,29.51,29.52,29.53,100,400,1900,1500,4100,400,29.5
224,790,BRALSOACNOR5BR00,ALSO3,1621960336861355,29.51,29.5,29.49,29.52,29.53,29.54,2000,200,700,4400,400,400,29.51
225,790,BRALSOACNOR5BR00,ALSO3,1621960336861581,29.51,29.5,29.49,29.52,29.53,29.54,2000,200,700,4400,400,400,29.51
226,790,BRALSOACNOR5BR00,ALSO3,1621960336862430,29.51,29.5,29.49,29.52,29.53,29.54,2000,200,700,4400,400,400,29.51
227,790,BRALSOACNOR5BR00,ALSO3,1621960336863621,29.51,29.5,29.49,29.52,29.53,29.54,2000,300,900,4500,400,400,29.51
228,790,BRALSOACNOR5BR00,ALSO3,1621960342615799,29.52,29.51,29.5,29.53,29.54,29.55,800,2600,800,400,400,1700,29.52
229,790,BRALSOACNOR5BR00,ALSO3,1621960342616026,29.52,29.51,29.5,29.53,29.54,29.55,800,2600,800,400,400,1700,29.52
230,790,BRALSOACNOR5BR00,ALSO3,1621960342616129,29.52,29.51,29.5,29.53,29.54,29.55,800,2500,800,400,400,1700,29.52
231,790,BRALSOACNOR5BR00,ALSO3,1621960342617855,29.52,29.51,29.5,29.53,29.54,29.55,1100,2700,1000,100,300,1600,29.53
232,790,BRALSOACNOR5BR00,ALSO3,1621960342617916,29.52,29.51,29.5,29.53,29.54,29.55,1100,2700,1000,100,200,1600,29.53
233,790,BRALSOACNOR5BR00,ALSO3,1621960342619229,29.52,29.51,29.5,29.54,29.55,29.56,1200,2700,1100,300,1600,2400,29.53
234,790,BRALSOACNOR5BR00,ALSO3,1621960343486481,29.52,29.51,29.5,29.54,29.55,29.56,1200,2800,1100,100,1600,400,29.53
235,790,BRALSOACNOR5BR00,ALSO3,1621960343487733,29.52,29.51,29.5,29.55,29.56,29.57,1200,2800,1100,1700,400,300,29.53
236,790,BRALSOACNOR5BR00,ALSO3,1621960344805397,29.53,29.52,29.51,29.54,29.55,29.56,600,2300,2500,200,1700,700,29.53
237,790,BRALSOACNOR5BR00,ALSO3,1621960344806711,29.53,29.52,29.51,29.54,29.55,29.56,400,2300,2500,300,1600,700,29.53
238,790,BRALSOACNOR5BR00,ALSO3,1621960357000007,29.52,29.51,29.5,29.53,29.54,29.55,1400,2200,1000,100,500,1900,29.53
239,790,BRALSOACNOR5BR00,ALSO3,1621960357001240,29.52,29.51,29.5,29.53,29.54,29.55,1300,2200,1000,200,400,1900,29.53
240,790,BRALSOACNOR5BR00,ALSO3,1621960375595729,29.51,29.5,29.49,29.52,29.53,29.54,2000,500,500,200,700,400,29.51
241,790,BRALSOACNOR5BR00,ALSO3,1621960375597130,29.51,29.5,29.49,29.52,29.53,29.54,2000,500,500,300,600,400,29.51
242,790,BRALSOACNOR5BR00,ALSO3,1621960381542955,29.51,29.5,29.49,29.53,29.54,29.55,1400,1300,400,500,200,1500,29.52
243,790,BRALSOACNOR5BR00,ALSO3,1621960381543086,29.51,29.5,29.49,29.53,29.54,29.55,1400,1300,400,500,200,1500,29.52
244,790,BRALSOACNOR5BR00,ALSO3,1621960381543641,29.51,29.5,29.49,29.53,29.55,29.56,1400,1300,400,500,1500,400,29.52
245,790,BRALSOACNOR5BR00,ALSO3,1621960381544944,29.52,29.51,29.5,29.53,29.55,29.56,200,1400,1500,600,1500,400,29.52
246,790,BRALSOACNOR5BR00,ALSO3,1621960389185909,29.53,29.52,29.51,29.55,29.56,29.57,4700,200,1900,1500,400,400,29.53
247,790,BRALSOACNOR5BR00,ALSO3,1621960389186110,29.53,29.52,29.51,29.55,29.56,29.57,4700,200,1900,1500,400,400,29.53
248,790,BRALSOACNOR5BR00,ALSO3,1621960389186664,29.53,29.52,29.51,29.55,29.56,29.57,4700,200,1900,1500,400,300,29.53
249,790,BRALSOACNOR5BR00,ALSO3,1621960389187903,29.53,29.52,29.51,29.55,29.56,29.57,4700,900,2000,1600,400,300,29.53
250,790,BRALSOACNOR5BR00,ALSO3,1621960391618454,29.53,29.52,29.51,29.54,29.55,29.56,4900,1000,1500,200,1600,400,29.53
251,790,BRALSOACNOR5BR00,ALSO3,1621960391619690,29.53,29.52,29.51,29.54,29.55,29.56,4900,1000,1500,300,1500,400,29.53
252,790,BRALSOACNOR5BR00,ALSO3,1621960391623770,29.53,29.52,29.51,29.54,29.55,29.56,4900,1000,1500,100,1700,400,29.53
253,790,BRALSOACNOR5BR00,ALSO3,1621960391624926,29.53,29.52,29.51,29.55,29.56,29.57,4900,1000,1500,1800,400,300,29.53
254,790,BRALSOACNOR5BR00,ALSO3,1621960391641856,29.53,29.52,29.51,29.54,29.55,29.56,4900,1000,1500,200,1600,400,29.53
255,790,BRALSOACNOR5BR00,ALSO3,1621960391643026,29.53,29.52,29.51,29.54,29.55,29.56,4900,800,1500,300,1500,400,29.53
256,790,BRALSOACNOR5BR00,ALSO3,1621960405571093,29.52,29.51,29.5,29.53,29.54,29.55,200,1200,700,100,600,1500,29.53
257,790,BRALSOACNOR5BR00,ALSO3,1621960405572264,29.52,29.51,29.5,29.53,29.54,29.55,100,1200,700,300,600,1500,29.53
258,790,BRALSOACNOR5BR00,ALSO3,1621960405575981,29.51,29.5,29.49,29.52,29.53,29.54,1200,700,2000,200,500,600,29.52
259,790,BRALSOACNOR5BR00,ALSO3,1621960405577165,29.51,29.5,29.49,29.52,29.53,29.54,1200,500,500,300,200,600,29.52
260,790,BRALSOACNOR5BR00,ALSO3,1621960405587428,29.51,29.5,29.49,29.52,29.53,29.54,1200,500,500,100,200,600,29.52
261,790,BRALSOACNOR5BR00,ALSO3,1621960405588634,29.51,29.5,29.49,29.53,29.54,29.55,1200,500,500,300,600,1500,29.52
262,790,BRALSOACNOR5BR00,ALSO3,1621960405703911,29.51,29.5,29.49,29.52,29.53,29.54,1200,500,500,200,600,600,29.52
263,790,BRALSOACNOR5BR00,ALSO3,1621960405705231,29.51,29.5,29.49,29.52,29.53,29.54,1200,500,500,300,300,600,29.52
264,790,BRALSOACNOR5BR00,ALSO3,1621960405710423,29.51,29.5,29.49,29.52,29.53,29.54,1200,500,500,100,300,600,29.52
265,790,BRALSOACNOR5BR00,ALSO3,1621960405711545,29.51,29.5,29.49,29.53,29.54,29.55,1200,500,500,400,600,1500,29.52
266,790,BRALSOACNOR5BR00,ALSO3,1621960407622093,29.52,29.51,29.5,29.53,29.54,29.55,100,1400,700,400,500,1500,29.52
267,790,BRALSOACNOR5BR00,ALSO3,1621960407623089,29.52,29.51,29.5,29.53,29.54,29.55,100,1400,700,300,500,1500,29.52
268,790,BRALSOACNOR5BR00,ALSO3,1621960480299579,29.55,29.54,29.53,29.56,29.57,29.58,4000,500,500,900,300,1400,29.55
269,790,BRALSOACNOR5BR00,ALSO3,1621960480301074,29.55,29.54,29.53,29.56,29.57,29.58,4000,500,500,1000,300,1400,29.55
270,790,BRALSOACNOR5BR00,ALSO3,1621960484083686,29.55,29.54,29.53,29.56,29.57,29.58,1800,500,400,1200,700,1400,29.55
271,790,BRALSOACNOR5BR00,ALSO3,1621960484084656,29.55,29.54,29.53,29.56,29.57,29.58,1800,500,400,1100,700,1400,29.55
272,1029,BRALUPCDAM15BR00,ALUP11,1621960227932538,27.69,27.68,27.67,27.71,27.72,27.73,400,1400,800,100,500,400,27.7
273,1029,BRALUPCDAM15BR00,ALUP11,1621960227934948,27.69,27.68,27.67,27.71,27.72,27.73,400,1400,800,200,500,400,27.7
274,1029,BRALUPCDAM15BR00,ALUP11,1621960264750668,27.69,27.68,27.67,27.71,27.72,27.73,400,1700,800,100,500,400,27.71
275,1029,BRALUPCDAM15BR00,ALUP11,1621960264750760,27.69,27.68,27.67,27.71,27.72,27.73,400,1700,800,100,500,400,27.71
276,1029,BRALUPCDAM15BR00,ALUP11,1621960264751380,27.69,27.68,27.67,27.71,27.72,27.73,400,1700,800,100,500,300,27.71
277,1029,BRALUPCDAM15BR00,ALUP11,1621960264752835,27.7,27.69,27.68,27.71,27.72,27.73,200,500,1700,100,100,300,27.71
278,1029,BRALUPCDAM15BR00,ALUP11,1621960264752957,27.7,27.69,27.68,27.71,27.72,27.73,300,500,1700,100,100,300,27.71
279,1029,BRALUPCDAM15BR00,ALUP11,1621960264754196,27.7,27.69,27.68,27.72,27.73,27.74,400,600,1700,200,300,300,27.71
280,1029,BRALUPCDAM15BR00,ALUP11,1621960407832882,27.68,27.67,27.66,27.72,27.73,27.74,1400,1300,700,1600,600,500,27.68
281,1029,BRALUPCDAM15BR00,ALUP11,1621960407833876,27.68,27.67,27.66,27.72,27.73,27.74,1400,1300,700,1500,600,500,27.68
282,1029,BRALUPCDAM15BR00,ALUP11,1621960468232424,27.7,27.69,27.68,27.71,27.72,27.73,600,600,1400,700,1400,400,27.71
283,1029,BRALUPCDAM15BR00,ALUP11,1621960468234466,27.7,27.69,27.68,27.71,27.72,27.73,600,600,1400,700,1500,400,27.71
284,1029,BRALUPCDAM15BR00,ALUP11,1621960471592238,27.7,27.69,27.68,27.71,27.72,27.73,500,1600,1400,900,1400,400,27.71
285,1029,BRALUPCDAM15BR00,ALUP11,1621960471593233,27.7,27.69,27.68,27.71,27.72,27.73,500,1600,1400,900,1300,400,27.71
286,1029,BRALUPCDAM15BR00,ALUP11,1621960473596256,27.7,27.69,27.68,27.71,27.72,27.73,700,1600,1400,900,1300,400,27.71
287,1029,BRALUPCDAM15BR00,ALUP11,1621960473597575,27.7,27.69,27.68,27.71,27.72,27.73,700,1600,1400,900,1400,400,27.71
288,1029,BRALUPCDAM15BR00,ALUP11,1621960474432306,27.7,27.69,27.68,27.71,27.72,27.73,600,1600,1400,900,1400,400,27.71
289,1029,BRALUPCDAM15BR00,ALUP11,1621960474433281,27.7,27.69,27.68,27.71,27.72,27.73,600,1600,1400,900,1300,400,27.71
290,1029,BRALUPCDAM15BR00,ALUP11,1621960474728603,27.7,27.69,27.68,27.71,27.72,27.73,600,1600,1100,600,1300,400,27.71
291,1029,BRALUPCDAM15BR00,ALUP11,1621960474730022,27.7,27.69,27.68,27.72,27.73,27.74,700,1600,1100,1200,400,500,27.71
292,1029,BRALUPCDAM15BR00,ALUP11,1621960474730852,27.71,27.7,27.69,27.72,27.73,27.74,100,700,1600,1000,400,500,27.71
293,1029,BRALUPCDAM15BR00,ALUP11,1621960474732263,27.71,27.7,27.69,27.72,27.73,27.74,100,800,1700,800,500,400,27.71
294,1029,BRALUPCDAM15BR00,ALUP11,1621960477597019,27.71,27.7,27.69,27.72,27.73,27.74,500,500,1200,100,400,400,27.72
295,1029,BRALUPCDAM15BR00,ALUP11,1621960477598360,27.71,27.7,27.69,27.72,27.73,27.74,700,500,1200,200,200,400,27.72
296,1029,BRALUPCDAM15BR00,ALUP11,1621960478039896,27.71,27.7,27.69,27.72,27.73,27.74,700,500,1200,300,100,400,27.72
297,1029,BRALUPCDAM15BR00,ALUP11,1621960478040973,27.71,27.7,27.69,27.72,27.73,27.74,700,500,1300,200,100,400,27.72
298,1029,BRALUPCDAM15BR00,ALUP11,1621960482572775,27.71,27.7,27.69,27.72,27.73,27.74,700,500,1300,100,100,400,27.72
299,1029,BRALUPCDAM15BR00,ALUP11,1621960482574049,27.71,27.7,27.69,27.72,27.73,27.74,700,500,1300,100,200,400,27.72
300,1029,BRALUPCDAM15BR00,ALUP11,1621960496829869,27.71,27.7,27.69,27.74,27.75,27.76,900,600,1300,300,500,1300,27.74
301,1029,BRALUPCDAM15BR00,ALUP11,1621960496830763,27.71,27.7,27.69,27.74,27.75,27.76,900,600,1300,300,500,1300,27.74
302,1029,BRALUPCDAM15BR00,ALUP11,1621960496832041,27.72,27.71,27.7,27.73,27.74,27.75,400,1000,600,100,400,500,27.74
303,1029,BRALUPCDAM15BR00,ALUP11,1621960496832087,27.72,27.71,27.7,27.73,27.74,27.75,500,1000,600,100,400,500,27.74
304,1029,BRALUPCDAM15BR00,ALUP11,1621960496833558,27.72,27.71,27.7,27.74,27.75,27.76,500,1000,600,600,500,400,27.74
305,1029,BRALUPCDAM15BR00,ALUP11,1621960497019710,27.73,27.72,27.71,27.74,27.75,27.76,100,400,900,600,500,400,27.74
306,1029,BRALUPCDAM15BR00,ALUP11,1621960497021229,27.73,27.72,27.71,27.74,27.75,27.76,100,500,900,500,600,400,27.74
307,1029,BRALUPCDAM15BR00,ALUP11,1621960497969316,27.73,27.72,27.71,27.74,27.75,27.76,100,500,900,300,600,400,27.74
308,1029,BRALUPCDAM15BR00,ALUP11,1621960497970661,27.73,27.72,27.71,27.74,27.75,27.76,100,500,900,300,500,400,27.74
309,1029,BRALUPCDAM15BR00,ALUP11,1621960500665528,27.72,27.71,27.7,27.74,27.75,27.76,400,900,700,500,500,400,27.73
310,1029,BRALUPCDAM15BR00,ALUP11,1621960500666848,27.72,27.71,27.7,27.73,27.74,27.75,400,900,700,100,400,500,27.73
311,1029,BRALUPCDAM15BR00,ALUP11,1621960516878617,27.72,27.71,27.7,27.73,27.74,27.75,400,600,600,300,400,500,27.73
312,1029,BRALUPCDAM15BR00,ALUP11,1621960522517980,27.72,27.71,27.7,27.73,27.74,27.75,300,600,600,300,400,500,27.72
313,1029,BRALUPCDAM15BR00,ALUP11,1621960522519399,27.72,27.71,27.7,27.73,27.74,27.75,300,600,600,400,400,500,27.72
314,1029,BRALUPCDAM15BR00,ALUP11,1621960522521801,27.7,27.69,27.68,27.73,27.74,27.75,600,1300,1100,400,400,500,27.71
315,1029,BRALUPCDAM15BR00,ALUP11,1621960522523421,27.7,27.69,27.68,27.72,27.73,27.74,400,1100,1100,200,400,500,27.71
316,1029,BRALUPCDAM15BR00,ALUP11,1621960522523992,27.7,27.69,27.68,27.72,27.73,27.74,300,1000,1100,200,500,500,27.71
317,1029,BRALUPCDAM15BR00,ALUP11,1621960522525189,27.7,27.69,27.68,27.72,27.73,27.74,300,1000,1200,200,500,500,27.71
318,1029,BRALUPCDAM15BR00,ALUP11,1621960551380054,27.7,27.69,27.68,27.71,27.72,27.73,300,800,1300,1000,300,400,27.71
319,1029,BRALUPCDAM15BR00,ALUP11,1621960551381133,27.7,27.69,27.68,27.71,27.72,27.73,300,800,1300,900,300,400,27.71
320,1029,BRALUPCDAM15BR00,ALUP11,1621960558185311,27.7,27.69,27.68,27.71,27.72,27.73,500,800,1300,900,100,400,27.71
321,1029,BRALUPCDAM15BR00,ALUP11,1621960558187078,27.7,27.69,27.68,27.71,27.72,27.73,500,800,1300,1000,100,400,27.71
322,1029,BRALUPCDAM15BR00,ALUP11,1621960573274364,27.7,27.69,27.68,27.71,27.72,27.73,500,1000,1300,1000,100,400,27.7
323,1029,BRALUPCDAM15BR00,ALUP11,1621960573275409,27.7,27.69,27.68,27.71,27.72,27.73,500,1000,1300,900,100,400,27.7
324,1029,BRALUPCDAM15BR00,ALUP11,1621960573727872,27.7,27.69,27.68,27.71,27.72,27.73,600,1000,1300,900,100,400,27.7
325,1029,BRALUPCDAM15BR00,ALUP11,1621960573729029,27.7,27.69,27.68,27.71,27.72,27.73,600,1000,1300,1000,100,400,27.7
326,1029,BRALUPCDAM15BR00,ALUP11,1621960586101693,27.7,27.69,27.68,27.71,27.72,27.73,300,1000,1300,1200,100,400,27.71
327,1029,BRALUPCDAM15BR00,ALUP11,1621960586102735,27.7,27.69,27.68,27.71,27.72,27.73,300,1000,1300,1100,100,400,27.71
328,1029,BRALUPCDAM15BR00,ALUP11,1621960588957932,27.7,27.69,27.68,27.71,27.72,27.73,400,1000,1300,1100,100,400,27.71
329,1029,BRALUPCDAM15BR00,ALUP11,1621960588959193,27.7,27.69,27.68,27.71,27.72,27.73,400,1000,1300,1200,100,400,27.71
330,1029,BRALUPCDAM15BR00,ALUP11,1621960592958196,27.7,27.69,27.68,27.71,27.72,27.73,300,1000,1300,1100,300,400,27.71
331,1029,BRALUPCDAM15BR00,ALUP11,1621960595543078,27.7,27.69,27.68,27.71,27.72,27.73,500,1000,1300,1100,100,400,27.71
332,1029,BRALUPCDAM15BR00,ALUP11,1621960595544445,27.7,27.69,27.68,27.71,27.72,27.73,500,1000,1300,1200,100,400,27.71
333,1029,BRALUPCDAM15BR00,ALUP11,1621960672964996,27.7,27.69,27.68,27.71,27.72,27.73,600,1100,1200,1200,100,400,27.71
334,1029,BRALUPCDAM15BR00,ALUP11,1621960676356019,27.7,27.69,27.68,27.71,27.72,27.73,600,1100,1200,1100,100,400,27.71
335,1029,BRALUPCDAM15BR00,ALUP11,1621960676357705,27.7,27.69,27.68,27.72,27.73,27.74,600,1200,1200,100,400,500,27.71
336,1029,BRALUPCDAM15BR00,ALUP11,1621960676357901,27.7,27.69,27.68,27.72,27.73,27.74,600,1200,1200,100,400,500,27.71
337,1029,BRALUPCDAM15BR00,ALUP11,1621960676358350,27.7,27.69,27.68,27.72,27.73,27.74,600,1200,1200,100,400,500,27.71
338,1029,BRALUPCDAM15BR00,ALUP11,1621960676359667,27.71,27.7,27.69,27.72,27.73,27.74,900,600,1300,200,200,400,27.71
339,1029,BRALUPCDAM15BR00,ALUP11,1621960681296117,27.71,27.7,27.69,27.72,27.73,27.74,500,600,1300,200,400,400,27.72
340,1029,BRALUPCDAM15BR00,ALUP11,1621960681296678,27.71,27.7,27.69,27.72,27.73,27.74,500,600,1300,200,200,400,27.72
341,1029,BRALUPCDAM15BR00,ALUP11,1621960681297859,27.71,27.7,27.69,27.72,27.73,27.74,500,600,1300,300,200,400,27.72
342,1029,BRALUPCDAM15BR00,ALUP11,1621960682799564,27.71,27.7,27.69,27.72,27.73,27.74,500,600,1300,100,200,400,27.72
343,1029,BRALUPCDAM15BR00,ALUP11,1621960682800923,27.71,27.7,27.69,27.73,27.74,27.75,500,600,1300,300,400,700,27.72
344,1029,BRALUPCDAM15BR00,ALUP11,1621960690922080,27.72,27.71,27.7,27.74,27.75,27.76,700,600,800,300,500,2900,27.74
345,1029,BRALUPCDAM15BR00,ALUP11,1621960690922364,27.72,27.71,27.7,27.74,27.75,27.76,700,600,800,300,500,2900,27.74
346,1029,BRALUPCDAM15BR00,ALUP11,1621960690922720,27.72,27.71,27.7,27.74,27.75,27.76,700,600,800,300,500,2800,27.74
347,1029,BRALUPCDAM15BR00,ALUP11,1621960690923970,27.73,27.72,27.71,27.74,27.75,27.76,100,700,900,400,300,500,27.74
348,1029,BRALUPCDAM15BR00,ALUP11,1621960690924680,27.72,27.71,27.7,27.74,27.75,27.76,700,900,800,500,300,500,27.74
349,1029,BRALUPCDAM15BR00,ALUP11,1621960690925994,27.72,27.71,27.7,27.73,27.74,27.75,700,900,800,100,400,500,27.74
350,1029,BRALUPCDAM15BR00,ALUP11,1621960693306418,27.71,27.7,27.69,27.73,27.74,27.75,600,800,1000,500,100,500,27.72
351,1029,BRALUPCDAM15BR00,ALUP11,1621960693307860,27.71,27.7,27.69,27.72,27.73,27.74,600,800,1100,100,500,300,27.72
352,1029,BRALUPCDAM15BR00,ALUP11,1621960728191032,27.71,27.7,27.69,27.72,27.74,27.75,900,700,1000,600,400,600,27.72
353,1029,BRALUPCDAM15BR00,ALUP11,1621960728192064,27.71,27.7,27.69,27.72,27.74,27.75,900,700,1000,500,400,600,27.72
354,1029,BRALUPCDAM15BR00,ALUP11,1621960729363259,27.71,27.7,27.69,27.72,27.74,27.75,1000,800,1000,600,400,600,27.72
355,1029,BRALUPCDAM15BR00,ALUP11,1621960729364532,27.71,27.7,27.69,27.72,27.74,27.75,1000,800,1000,700,400,600,27.72
356,1029,BRALUPCDAM15BR00,ALUP11,1621960730988084,27.71,27.7,27.69,27.74,27.75,27.76,1000,800,1000,400,600,500,27.72
357,1029,BRALUPCDAM15BR00,ALUP11,1621960730988323,27.71,27.7,27.69,27.74,27.75,27.76,1000,800,1000,400,600,500,27.72
358,1029,BRALUPCDAM15BR00,ALUP11,1621960730988754,27.71,27.7,27.69,27.74,27.75,27.76,1000,800,1000,400,600,500,27.72
359,1029,BRALUPCDAM15BR00,ALUP11,1621960730990094,27.72,27.71,27.7,27.73,27.74,27.75,600,1100,800,100,200,500,27.72
360,1029,BRALUPCDAM15BR00,ALUP11,1621960730990180,27.72,27.71,27.7,27.73,27.74,27.75,600,1100,900,100,200,500,27.72
361,1029,BRALUPCDAM15BR00,ALUP11,1621960730991413,27.72,27.71,27.7,27.74,27.75,27.76,700,1200,900,200,500,600,27.72
362,1029,BRALUPCDAM15BR00,ALUP11,1621960738433861,27.72,27.71,27.7,27.74,27.75,27.76,300,1000,900,400,800,600,27.72
363,1029,BRALUPCDAM15BR00,ALUP11,1621960738435375,27.72,27.71,27.7,27.73,27.74,27.75,200,1000,800,200,300,800,27.72
364,1029,BRALUPCDAM15BR00,ALUP11,1621960738438483,27.71,27.7,27.69,27.72,27.73,27.74,900,800,1100,100,300,500,27.72
365,1029,BRALUPCDAM15BR00,ALUP11,1621960738439681,27.71,27.7,27.69,27.72,27.73,27.74,900,800,1100,200,200,500,27.72
366,1029,BRALUPCDAM15BR00,ALUP11,1621960738442501,27.71,27.7,27.69,27.72,27.73,27.74,600,700,1000,100,200,600,27.71
367,1029,BRALUPCDAM15BR00,ALUP11,1621960738443799,27.71,27.7,27.69,27.72,27.73,27.74,600,700,1000,100,300,600,27.71
368,1029,BRALUPCDAM15BR00,ALUP11,1621960738448066,27.71,27.7,27.69,27.72,27.73,27.74,600,700,1000,300,300,600,27.71
369,1029,BRALUPCDAM15BR00,ALUP11,1621960738449240,27.71,27.7,27.69,27.72,27.73,27.74,500,700,1000,400,200,600,27.71
370,1029,BRALUPCDAM15BR00,ALUP11,1621960741471496,27.71,27.7,27.69,27.72,27.73,27.74,1100,800,1000,500,300,500,27.72
371,1029,BRALUPCDAM15BR00,ALUP11,1621960741472583,27.71,27.7,27.69,27.72,27.73,27.74,1100,800,1000,400,300,500,27.72
372,1029,BRALUPCDAM15BR00,ALUP11,1621960742048781,27.71,27.7,27.69,27.72,27.73,27.74,1200,800,1000,400,300,500,27.72
373,1029,BRALUPCDAM15BR00,ALUP11,1621960742050103,27.71,27.7,27.69,27.72,27.73,27.74,1200,800,1000,500,300,500,27.72
374,1029,BRALUPCDAM15BR00,ALUP11,1621960746992502,27.71,27.7,27.69,27.72,27.73,27.74,1100,800,1000,600,300,500,27.72
375,1029,BRALUPCDAM15BR00,ALUP11,1621960746993563,27.71,27.7,27.69,27.72,27.73,27.74,1100,800,1000,500,300,500,27.72
376,1029,BRALUPCDAM15BR00,ALUP11,1621960755369277,27.71,27.7,27.69,27.72,27.73,27.74,1100,800,1000,400,300,500,27.71
377,1029,BRALUPCDAM15BR00,ALUP11,1621960755376003,27.71,27.7,27.69,27.72,27.73,27.74,1100,800,1000,500,300,500,27.71
378,1029,BRALUPCDAM15BR00,ALUP11,1621960757972211,27.71,27.7,27.69,27.72,27.73,27.74,1000,800,1000,400,300,500,27.71
379,1029,BRALUPCDAM15BR00,ALUP11,1621960780820340,27.71,27.7,27.69,27.72,27.73,27.74,800,800,1000,600,300,500,27.71
380,1029,BRALUPCDAM15BR00,ALUP11,1621960780821664,27.71,27.7,27.69,27.72,27.73,27.74,800,800,1000,700,300,500,27.71
381,1029,BRALUPCDAM15BR00,ALUP11,1621960787974532,27.71,27.7,27.69,27.72,27.73,27.74,800,800,1000,600,200,400,27.72
382,1029,BRALUPCDAM15BR00,ALUP11,1621960791041706,27.71,27.7,27.69,27.72,27.73,27.74,800,800,1000,600,400,400,27.72
383,1029,BRALUPCDAM15BR00,ALUP11,1621960791043063,27.71,27.7,27.69,27.72,27.73,27.74,800,800,1000,700,400,400,27.72
384,1029,BRALUPCDAM15BR00,ALUP11,1621960802821275,27.71,27.7,27.69,27.72,27.73,27.74,1100,800,1000,700,200,400,27.72
385,1029,BRALUPCDAM15BR00,ALUP11,1621960802822458,27.71,27.7,27.69,27.72,27.73,27.74,1100,800,900,600,200,400,27.72
386,1029,BRALUPCDAM15BR00,ALUP11,1621960814820985,27.71,27.7,27.69,27.72,27.73,27.74,1300,900,900,700,200,400,27.72
387,1029,BRALUPCDAM15BR00,ALUP11,1621960814822221,27.71,27.7,27.69,27.72,27.73,27.74,1300,900,900,800,200,400,27.72
388,1029,BRALUPCDAM15BR00,ALUP11,1621960819379084,27.71,27.7,27.69,27.72,27.73,27.74,1400,900,900,600,200,400,27.72
389,1029,BRALUPCDAM15BR00,ALUP11,1621960819380102,27.71,27.7,27.69,27.72,27.73,27.74,1400,900,900,500,200,400,27.72
390,1029,BRALUPCDAM15BR00,ALUP11,1621960819664950,27.71,27.7,27.69,27.72,27.73,27.74,1500,900,900,500,200,400,27.72
391,1029,BRALUPCDAM15BR00,ALUP11,1621960819666164,27.71,27.7,27.69,27.72,27.73,27.74,1500,900,900,600,200,400,27.72
392,1029,BRALUPCDAM15BR00,ALUP11,1621960821067856,27.71,27.7,27.69,27.73,27.74,27.75,1500,1000,900,200,400,500,27.72
393,1029,BRALUPCDAM15BR00,ALUP11,1621960821068094,27.71,27.7,27.69,27.73,27.74,27.75,1500,1000,900,200,400,500,27.72
394,1029,BRALUPCDAM15BR00,ALUP11,1621960821068649,27.71,27.7,27.69,27.73,27.74,27.75,1500,1000,900,200,200,500,27.72
395,1029,BRALUPCDAM15BR00,ALUP11,1621960821069934,27.72,27.71,27.7,27.73,27.74,27.75,500,1500,1000,100,200,500,27.72
396,1029,BRALUPCDAM15BR00,ALUP11,1621960821070124,27.72,27.71,27.7,27.73,27.74,27.75,600,1500,1000,100,200,500,27.72
397,1029,BRALUPCDAM15BR00,ALUP11,1621960821071328,27.72,27.71,27.7,27.74,27.75,27.76,800,1400,1000,300,500,500,27.72
398,1029,BRALUPCDAM15BR00,ALUP11,1621960822326870,27.73,27.72,27.71,27.74,27.75,27.76,100,800,1200,300,500,500,27.72
399,1029,BRALUPCDAM15BR00,ALUP11,1621960822328028,27.73,27.72,27.71,27.74,27.75,27.76,100,800,1100,200,500,500,27.72
400,1029,BRALUPCDAM15BR00,ALUP11,1621960823116688,27.73,27.72,27.71,27.74,27.75,27.76,600,800,600,200,300,500,27.72
401,1029,BRALUPCDAM15BR00,ALUP11,1621960823118049,27.73,27.72,27.71,27.74,27.75,27.76,600,800,600,200,300,500,27.72
402,1029,BRALUPCDAM15BR00,ALUP11,1621960832352196,27.72,27.71,27.7,27.74,27.75,27.76,300,400,1000,400,500,500,27.73
403,1029,BRALUPCDAM15BR00,ALUP11,1621960832354562,27.71,27.7,27.69,27.73,27.74,27.75,300,900,1000,200,500,600,27.72
404,1029,BRALUPCDAM15BR00,ALUP11,1621960832354701,27.71,27.7,27.69,27.73,27.74,27.75,300,900,1000,300,500,600,27.72
405,1029,BRALUPCDAM15BR00,ALUP11,1621960832355947,27.71,27.7,27.69,27.72,27.73,27.74,200,900,1000,200,200,500,27.72
406,1029,BRALUPCDAM15BR00,ALUP11,1621960851019689,27.7,27.69,27.68,27.72,27.73,27.74,800,900,1900,500,500,400,27.71
407,1029,BRALUPCDAM15BR00,ALUP11,1621960851020985,27.7,27.69,27.68,27.71,27.72,27.73,600,800,1900,100,600,400,27.71
408,1029,BRALUPCDAM15BR00,ALUP11,1621960851152085,27.7,27.69,27.68,27.72,27.73,27.74,600,800,1800,600,500,400,27.71
409,1029,BRALUPCDAM15BR00,ALUP11,1621960851152505,27.7,27.69,27.68,27.72,27.73,27.74,600,800,1800,500,500,400,27.71
410,1029,BRALUPCDAM15BR00,ALUP11,1621960851153711,27.7,27.69,27.68,27.71,27.72,27.73,700,800,1800,100,500,400,27.71
411,1029,BRALUPCDAM15BR00,ALUP11,1621960861592429,27.7,27.69,27.68,27.71,27.72,27.73,600,800,1800,200,200,400,27.71
412,1029,BRALUPCDAM15BR00,ALUP11,1621960861592848,27.7,27.69,27.68,27.71,27.72,27.73,600,800,1800,200,200,200,27.71
413,1029,BRALUPCDAM15BR00,ALUP11,1621960861594369,27.7,27.69,27.68,27.71,27.72,27.73,700,800,1800,300,200,200,27.71
414,1029,BRALUPCDAM15BR00,ALUP11,1621960869503323,27.7,27.69,27.68,27.71,27.72,27.73,700,800,1800,100,300,400,27.71
415,1029,BRALUPCDAM15BR00,ALUP11,1621960869504782,27.7,27.69,27.68,27.72,27.73,27.74,700,800,1800,400,200,500,27.71
416,1029,BRALUPCDAM15BR00,ALUP11,1621960871111015,27.7,27.69,27.68,27.72,27.73,27.74,700,900,1800,500,200,500,27.71
417,1029,BRALUPCDAM15BR00,ALUP11,1621960871112481,27.7,27.69,27.68,27.71,27.72,27.73,700,900,1800,100,400,400,27.71
418,1029,BRALUPCDAM15BR00,ALUP11,1621960885239116,27.7,27.69,27.68,27.71,27.72,27.73,500,900,1800,400,200,400,27.71
419,1029,BRALUPCDAM15BR00,ALUP11,1621960885239878,27.7,27.69,27.68,27.71,27.72,27.73,600,900,1800,400,200,400,27.71
420,1029,BRALUPCDAM15BR00,ALUP11,1621960885241222,27.7,27.69,27.68,27.71,27.72,27.73,700,900,1800,500,200,400,27.71
421,1029,BRALUPCDAM15BR00,ALUP11,1621960887984203,27.7,27.69,27.68,27.71,27.72,27.73,700,900,1800,400,200,400,27.71
422,1029,BRALUPCDAM15BR00,ALUP11,1621960889060444,27.7,27.69,27.68,27.71,27.72,27.73,700,900,1800,400,200,200,27.71
423,1029,BRALUPCDAM15BR00,ALUP11,1621960889061824,27.7,27.69,27.68,27.71,27.72,27.73,700,900,1800,500,100,200,27.71
424,1029,BRALUPCDAM15BR00,ALUP11,1621960917143832,27.7,27.69,27.68,27.71,27.72,27.73,600,1000,1800,700,200,400,27.71
425,1029,BRALUPCDAM15BR00,ALUP11,1621960917144787,27.7,27.69,27.68,27.71,27.72,27.73,600,1000,1800,600,200,400,27.71
426,1029,BRALUPCDAM15BR00,ALUP11,1621960918348587,27.7,27.69,27.68,27.71,27.72,27.73,700,1000,1800,600,200,400,27.71
427,1029,BRALUPCDAM15BR00,ALUP11,1621960918350115,27.7,27.69,27.68,27.71,27.72,27.73,700,1000,1800,700,200,400,27.71
428,1029,BRALUPCDAM15BR00,ALUP11,1621960953051675,27.69,27.68,27.67,27.71,27.72,27.73,900,1800,800,1000,300,400,27.7
429,1029,BRALUPCDAM15BR00,ALUP11,1621960953053098,27.69,27.68,27.67,27.7,27.71,27.72,900,1800,800,100,900,300,27.7
430,1029,BRALUPCDAM15BR00,ALUP11,1621960957987766,27.69,27.68,27.67,27.7,27.71,27.72,900,1800,700,500,500,500,27.7
431,1029,BRALUPCDAM15BR00,ALUP11,1621960975096668,27.69,27.68,27.67,27.7,27.71,27.72,800,1800,700,700,200,500,27.69
432,1029,BRALUPCDAM15BR00,ALUP11,1621960975097951,27.69,27.68,27.67,27.7,27.71,27.72,800,1600,700,800,200,500,27.69
433,1029,BRALUPCDAM15BR00,ALUP11,1621960976259684,27.69,27.68,27.67,27.7,27.71,27.72,700,1600,500,900,200,500,27.69
434,1029,BRALUPCDAM15BR00,ALUP11,1621960976260747,27.69,27.68,27.67,27.7,27.71,27.72,700,1600,500,800,200,500,27.69
435,1029,BRALUPCDAM15BR00,ALUP11,1621960977172079,27.69,27.68,27.67,27.7,27.71,27.72,700,1600,500,800,400,500,27.69
436,1029,BRALUPCDAM15BR00,ALUP11,1621960977173341,27.69,27.68,27.67,27.7,27.71,27.72,700,1600,500,900,400,500,27.69
437,1029,BRALUPCDAM15BR00,ALUP11,1621960982988908,27.69,27.68,27.67,27.7,27.71,27.72,500,1600,500,800,400,500,27.69
438,1029,BRALUPCDAM15BR00,ALUP11,1621961027161067,27.69,27.68,27.67,27.7,27.71,27.72,1800,900,600,600,200,400,27.7
439,1029,BRALUPCDAM15BR00,ALUP11,1621961027162387,27.69,27.68,27.67,27.7,27.71,27.72,1900,1600,600,700,200,400,27.7
440,1029,BRALUPCDAM15BR00,ALUP11,1621961032716235,27.69,27.68,27.67,27.7,27.71,27.72,2100,1600,600,700,200,400,27.7
441,1029,BRALUPCDAM15BR00,ALUP11,1621961032717280,27.69,27.68,27.67,27.7,27.71,27.72,2100,1600,600,600,200,400,27.7
442,1029,BRALUPCDAM15BR00,ALUP11,1621961036300165,27.69,27.68,27.67,27.7,27.71,27.72,2100,1600,600,400,200,400,27.7
443,1029,BRALUPCDAM15BR00,ALUP11,1621961036301562,27.69,27.68,27.67,27.7,27.71,27.72,2100,1600,600,100,200,400,27.7
444,1029,BRALUPCDAM15BR00,ALUP11,1621961036302149,27.7,27.69,27.68,27.71,27.72,27.73,100,2100,1600,200,400,400,27.7
445,1029,BRALUPCDAM15BR00,ALUP11,1621961036302395,27.7,27.69,27.68,27.71,27.72,27.73,300,2100,1600,200,400,400,27.7
446,1029,BRALUPCDAM15BR00,ALUP11,1621961036302440,27.7,27.69,27.68,27.71,27.72,27.73,400,2100,1600,200,400,400,27.7
447,1029,BRALUPCDAM15BR00,ALUP11,1621961036303787,27.7,27.69,27.68,27.71,27.72,27.73,500,2100,1600,300,200,400,27.7
448,1029,BRALUPCDAM15BR00,ALUP11,1621961040172175,27.7,27.69,27.68,27.72,27.73,27.74,500,2100,1600,200,400,600,27.71
449,1029,BRALUPCDAM15BR00,ALUP11,1621961040172466,27.7,27.69,27.68,27.72,27.73,27.74,500,2100,1600,200,400,600,27.71
450,1029,BRALUPCDAM15BR00,ALUP11,1621961040172955,27.7,27.69,27.68,27.72,27.73,27.74,500,2100,1600,200,400,600,27.71
451,1029,BRALUPCDAM15BR00,ALUP11,1621961040174290,27.71,27.7,27.69,27.72,27.73,27.74,200,600,2100,100,200,400,27.71
452,1029,BRALUPCDAM15BR00,ALUP11,1621961040174501,27.71,27.7,27.69,27.72,27.73,27.74,400,600,2100,100,200,400,27.71
453,1029,BRALUPCDAM15BR00,ALUP11,1621961040175824,27.71,27.7,27.69,27.73,27.74,27.75,400,600,2100,300,400,2200,27.71
454,1029,BRALUPCDAM15BR00,ALUP11,1621961040180754,27.71,27.7,27.69,27.73,27.74,27.75,300,600,2100,400,400,2200,27.71
455,1029,BRALUPCDAM15BR00,ALUP11,1621961040181973,27.71,27.7,27.69,27.72,27.73,27.74,200,600,2100,100,300,400,27.71
456,1029,BRALUPCDAM15BR00,ALUP11,1621961041137526,27.72,27.71,27.7,27.73,27.74,27.75,500,500,500,200,400,2200,27.72
457,1029,BRALUPCDAM15BR00,ALUP11,1621961041137717,27.72,27.71,27.7,27.73,27.74,27.75,500,500,500,200,400,2200,27.72
458,1029,BRALUPCDAM15BR00,ALUP11,1621961041239336,27.72,27.71,27.7,27.73,27.74,27.75,400,600,500,300,400,500,27.72
459,1029,BRALUPCDAM15BR00,ALUP11,1621961041240648,27.72,27.71,27.7,27.73,27.74,27.75,400,600,500,400,400,500,27.72
460,1029,BRALUPCDAM15BR00,ALUP11,1621961067810341,27.71,27.7,27.69,27.73,27.74,27.75,100,400,700,500,400,500,27.72
461,1029,BRALUPCDAM15BR00,ALUP11,1621961067811916,27.71,27.69,27.68,27.72,27.73,27.74,100,700,1600,500,500,500,27.72
462,1029,BRALUPCDAM15BR00,ALUP11,1621961067812050,27.71,27.69,27.68,27.72,27.73,27.74,100,700,1600,600,500,500,27.72
463,1029,BRALUPCDAM15BR00,ALUP11,1621961067813356,27.69,27.68,27.67,27.72,27.73,27.74,600,1000,2200,300,500,500,27.71
464,1029,BRALUPCDAM15BR00,ALUP11,1621961067813496,27.69,27.68,27.67,27.72,27.73,27.74,600,1000,2200,300,500,500,27.71
465,1029,BRALUPCDAM15BR00,ALUP11,1621961067814125,27.69,27.68,27.67,27.72,27.73,27.74,600,1000,700,300,500,500,27.71
466,1029,BRALUPCDAM15BR00,ALUP11,1621961067815706,27.69,27.68,27.67,27.71,27.72,27.73,500,900,700,100,400,600,27.71
467,1029,BRALUPCDAM15BR00,ALUP11,1621961083326509,27.69,27.68,27.67,27.71,27.72,27.73,800,1100,700,500,800,400,27.71
468,1029,BRALUPCDAM15BR00,ALUP11,1621961083327889,27.69,27.68,27.67,27.7,27.71,27.72,800,1100,700,100,400,800,27.71
469,1029,BRALUPCDAM15BR00,ALUP11,1621961097301375,27.69,27.68,27.67,27.71,27.72,27.73,800,900,500,200,500,500,27.71
470,1029,BRALUPCDAM15BR00,ALUP11,1621961097301403,27.69,27.68,27.67,27.71,27.72,27.73,800,900,500,200,500,500,27.71
471,1029,BRALUPCDAM15BR00,ALUP11,1621961097302107,27.69,27.68,27.67,27.71,27.72,27.73,800,900,500,200,500,400,27.71
472,1029,BRALUPCDAM15BR00,ALUP11,1621961097303383,27.7,27.69,27.68,27.71,27.72,27.73,400,900,1800,100,200,400,27.71
473,1029,BRALUPCDAM15BR00,ALUP11,1621961097303444,27.7,27.69,27.68,27.71,27.72,27.73,500,900,1800,100,200,400,27.71
474,1029,BRALUPCDAM15BR00,ALUP11,1621961097304638,27.7,27.69,27.68,27.72,27.73,27.74,500,900,1800,300,400,400,27.71
475,1029,BRALUPCDAM15BR00,ALUP11,1621961101339704,27.7,27.69,27.68,27.72,27.73,27.74,600,1000,1800,200,400,400,27.72
476,1029,BRALUPCDAM15BR00,ALUP11,1621961101340183,27.7,27.69,27.68,27.72,27.73,27.74,600,1000,1800,200,200,400,27.72
477,1029,BRALUPCDAM15BR00,ALUP11,1621961101341372,27.71,27.7,27.69,27.72,27.73,27.74,200,600,1000,200,200,400,27.72
478,1029,BRALUPCDAM15BR00,ALUP11,1621961117375160,27.7,27.69,27.68,27.72,27.73,27.74,500,1000,1800,500,600,400,27.72
479,1029,BRALUPCDAM15BR00,ALUP11,1621961117376800,27.7,27.69,27.68,27.71,27.72,27.73,500,1000,1800,100,400,600,27.72
480,1029,BRALUPCDAM15BR00,ALUP11,1621961128603289,27.7,27.69,27.68,27.71,27.72,27.73,200,900,1000,300,500,500,27.71
481,1029,BRALUPCDAM15BR00,ALUP11,1621961128603654,27.7,27.69,27.68,27.71,27.72,27.73,200,900,1000,300,300,500,27.71
482,1029,BRALUPCDAM15BR00,ALUP11,1621961128605032,27.7,27.69,27.68,27.71,27.72,27.73,300,900,1000,400,300,500,27.71
483,1029,BRALUPCDAM15BR00,ALUP11,1621961128864111,27.7,27.69,27.68,27.71,27.72,27.73,300,900,1000,300,300,400,27.71
484,1029,BRALUPCDAM15BR00,ALUP11,1621961128865170,27.7,27.69,27.68,27.71,27.72,27.73,400,900,1000,200,300,400,27.71
485,1029,BRALUPCDAM15BR00,ALUP11,1621961129326397,27.71,27.7,27.69,27.72,27.73,27.74,100,400,900,400,400,400,27.71
486,1029,BRALUPCDAM15BR00,ALUP11,1621961129327838,27.7,27.69,27.68,27.72,27.73,27.74,400,900,1000,400,400,400,27.71
487,1029,BRALUPCDAM15BR00,ALUP11,1621961129327986,27.7,27.69,27.68,27.72,27.73,27.74,400,900,1000,400,400,400,27.71
488,1029,BRALUPCDAM15BR00,ALUP11,1621961129575795,27.71,27.7,27.69,27.72,27.73,27.74,100,400,900,400,400,400,27.71
489,1029,BRALUPCDAM15BR00,ALUP11,1621961129577150,27.7,27.69,27.68,27.72,27.73,27.74,400,900,1000,400,400,400,27.71
490,1029,BRALUPCDAM15BR00,ALUP11,1621961129577303,27.7,27.69,27.68,27.72,27.73,27.74,400,900,1000,400,400,400,27.71
491,1029,BRALUPCDAM15BR00,ALUP11,1621961129792224,27.71,27.7,27.69,27.72,27.73,27.74,100,400,900,400,400,400,27.71
492,1029,BRALUPCDAM15BR00,ALUP11,1621961129793662,27.7,27.69,27.68,27.72,27.73,27.74,400,900,1000,400,400,400,27.71
493,1029,BRALUPCDAM15BR00,ALUP11,1621961129793854,27.7,27.69,27.68,27.72,27.73,27.74,400,900,1000,400,400,400,27.71
494,1029,BRALUPCDAM15BR00,ALUP11,1621961130189249,27.71,27.7,27.69,27.72,27.73,27.74,100,400,900,400,400,400,27.71
495,1029,BRALUPCDAM15BR00,ALUP11,1621961130190645,27.7,27.69,27.68,27.72,27.73,27.74,400,900,1000,400,400,400,27.71
496,1029,BRALUPCDAM15BR00,ALUP11,1621961130190784,27.7,27.69,27.68,27.72,27.73,27.74,400,900,1000,400,400,400,27.71
497,1029,BRALUPCDAM15BR00,ALUP11,1621961130457015,27.7,27.69,27.68,27.72,27.73,27.74,300,900,1000,400,400,400,27.71
498,1029,BRALUPCDAM15BR00,ALUP11,1621961130458277,27.7,27.69,27.68,27.71,27.72,27.73,300,900,1000,100,400,400,27.71
499,1029,BRALUPCDAM15BR00,ALUP11,1621961131436356,27.7,27.69,27.68,27.71,27.72,27.73,200,900,1000,100,500,400,27.71
500,1029,BRALUPCDAM15BR00,ALUP11,1621961131436723,27.7,27.69,27.68,27.71,27.72,27.73,200,900,1000,100,300,400,27.71
501,1029,BRALUPCDAM15BR00,ALUP11,1621961131437937,27.7,27.69,27.68,27.71,27.72,27.73,300,900,1000,200,300,400,27.71
502,1029,BRALUPCDAM15BR00,ALUP11,1621961134097466,27.7,27.69,27.68,27.71,27.72,27.73,400,900,1000,100,300,400,27.71
503,1029,BRALUPCDAM15BR00,ALUP11,1621961134098709,27.7,27.69,27.68,27.72,27.73,27.74,400,900,1000,400,400,400,27.71
504,1029,BRALUPCDAM15BR00,ALUP11,1621961135964831,27.7,27.69,27.68,27.72,27.73,27.74,400,900,1000,500,500,400,27.7
505,1029,BRALUPCDAM15BR00,ALUP11,1621961135966149,27.7,27.69,27.68,27.71,27.72,27.73,500,900,1000,100,400,500,27.7
506,1029,BRALUPCDAM15BR00,ALUP11,1621961135966449,27.7,27.69,27.68,27.71,27.72,27.73,500,900,1000,100,300,500,27.7
507,1029,BRALUPCDAM15BR00,ALUP11,1621961135967633,27.7,27.69,27.68,27.72,27.73,27.74,500,900,1000,400,500,400,27.7
508,1029,BRALUPCDAM15BR00,ALUP11,1621961136101460,27.7,27.69,27.68,27.72,27.73,27.74,500,900,1000,500,500,400,27.7
509,1029,BRALUPCDAM15BR00,ALUP11,1621961136102697,27.7,27.69,27.68,27.71,27.72,27.73,500,900,1000,100,400,500,27.7
510,1029,BRALUPCDAM15BR00,ALUP11,1621961142942417,27.69,27.68,27.67,27.71,27.72,27.73,800,1000,600,400,600,400,27.7
511,1029,BRALUPCDAM15BR00,ALUP11,1621961142943501,27.69,27.68,27.67,27.71,27.72,27.73,800,1000,600,300,600,400,27.7
512,1029,BRALUPCDAM15BR00,ALUP11,1621961151817279,27.69,27.68,27.67,27.71,27.72,27.73,700,1000,600,300,700,400,27.69
513,1029,BRALUPCDAM15BR00,ALUP11,1621961151818612,27.69,27.68,27.67,27.71,27.72,27.73,700,1000,500,400,700,400,27.69
514,1029,BRALUPCDAM15BR00,ALUP11,1621961151819183,27.69,27.68,27.67,27.71,27.72,27.73,700,1000,500,500,700,400,27.69
515,1029,BRALUPCDAM15BR00,ALUP11,1621961151820383,27.69,27.68,27.67,27.7,27.71,27.72,700,1000,500,100,400,700,27.69
516,1029,BRALUPCDAM15BR00,ALUP11,1621961177809625,27.69,27.68,27.67,27.7,27.72,27.73,900,900,500,500,400,400,27.7
517,1029,BRALUPCDAM15BR00,ALUP11,1621961177814166,27.69,27.68,27.67,27.7,27.72,27.73,900,900,600,500,400,400,27.7
518,1029,BRALUPCDAM15BR00,ALUP11,1621961177815586,27.69,27.68,27.67,27.7,27.72,27.73,900,900,600,600,400,400,27.7
519,1029,BRALUPCDAM15BR00,ALUP11,1621961205158484,27.69,27.68,27.67,27.72,27.73,27.74,900,900,600,200,400,400,27.7
520,1029,BRALUPCDAM15BR00,ALUP11,1621961205158764,27.69,27.68,27.67,27.72,27.73,27.74,900,900,600,200,400,400,27.7
521,1029,BRALUPCDAM15BR00,ALUP11,1621961205159240,27.69,27.68,27.67,27.72,27.73,27.74,900,900,600,200,400,400,27.7
522,1029,BRALUPCDAM15BR00,ALUP11,1621961205160778,27.7,27.69,27.68,27.71,27.72,27.73,700,900,1000,100,100,200,27.7
523,1029,BRALUPCDAM15BR00,ALUP11,1621961205161034,27.71,27.7,27.69,27.72,27.73,27.74,100,700,900,100,200,400,27.71
524,1029,BRALUPCDAM15BR00,ALUP11,1621961205161166,27.71,27.7,27.69,27.72,27.73,27.74,100,700,900,100,200,400,27.71
525,1029,BRALUPCDAM15BR00,ALUP11,1621961205162080,27.71,27.7,27.69,27.72,27.73,27.74,200,700,900,100,200,400,27.71
526,1029,BRALUPCDAM15BR00,ALUP11,1621961205163214,27.71,27.7,27.69,27.72,27.73,27.74,200,700,900,200,200,400,27.71
527,1029,BRALUPCDAM15BR00,ALUP11,1621961245285335,27.71,27.7,27.69,27.72,27.74,27.75,3200,700,600,300,400,2400,27.72
528,1029,BRALUPCDAM15BR00,ALUP11,1621961245285837,27.71,27.7,27.69,27.72,27.74,27.75,3200,700,600,300,200,2400,27.72
529,1029,BRALUPCDAM15BR00,ALUP11,1621961245287528,27.72,27.71,27.7,27.75,27.76,27.77,200,3200,800,900,600,2200,27.72
530,1029,BRALUPCDAM15BR00,ALUP11,1621961245287606,27.72,27.71,27.7,27.75,27.76,27.77,400,3200,800,900,600,2200,27.72
531,1029,BRALUPCDAM15BR00,ALUP11,1621961245287714,27.72,27.71,27.7,27.75,27.76,27.77,500,3200,800,900,600,2200,27.72
532,1029,BRALUPCDAM15BR00,ALUP11,1621961245287751,27.72,27.71,27.7,27.75,27.76,27.77,500,3200,800,900,600,3700,27.72
533,1029,BRALUPCDAM15BR00,ALUP11,1621961245289430,27.73,27.72,27.71,27.74,27.75,27.76,200,600,3200,200,700,600,27.72
534,1029,BRALUPCDAM15BR00,ALUP11,1621961245788779,27.72,27.71,27.7,27.73,27.74,27.75,600,3000,800,200,200,800,27.73
535,1029,BRALUPCDAM15BR00,ALUP11,1621961245790151,27.72,27.71,27.7,27.73,27.74,27.75,600,3000,800,300,100,800,27.73
536,1029,BRALUPCDAM15BR00,ALUP11,1621961250897952,27.72,27.71,27.7,27.73,27.74,27.75,800,2800,800,500,100,500,27.73
537,1029,BRALUPCDAM15BR00,ALUP11,1621961250899020,27.72,27.71,27.7,27.73,27.74,27.75,800,2800,800,400,100,500,27.73
538,1029,BRALUPCDAM15BR00,ALUP11,1621961267034611,27.72,27.71,27.7,27.73,27.74,27.75,700,2800,800,200,200,800,27.73
539,1029,BRALUPCDAM15BR00,ALUP11,1621961267035917,27.72,27.71,27.7,27.73,27.74,27.75,700,2800,800,300,200,800,27.73
540,1029,BRALUPCDAM15BR00,ALUP11,1621961278002812,27.72,27.71,27.7,27.73,27.74,27.75,600,2800,800,600,100,800,27.73
541,1029,BRALUPCDAM15BR00,ALUP11,1621961280932819,27.72,27.71,27.7,27.73,27.74,27.75,700,2800,800,600,100,800,27.73
542,1029,BRALUPCDAM15BR00,ALUP11,1621961280934241,27.72,27.71,27.7,27.73,27.74,27.75,700,2800,800,700,100,800,27.73
543,1029,BRALUPCDAM15BR00,ALUP11,1621961288002876,27.72,27.71,27.7,27.73,27.74,27.75,600,2800,800,600,100,800,27.73
544,1029,BRALUPCDAM15BR00,ALUP11,1621961297730636,27.72,27.71,27.7,27.73,27.74,27.75,1600,2800,800,500,200,800,27.72
545,1029,BRALUPCDAM15BR00,ALUP11,1621961297731959,27.72,27.71,27.7,27.73,27.74,27.75,1600,2800,800,600,200,800,27.72
546,1029,BRALUPCDAM15BR00,ALUP11,1621961298037540,27.71,27.7,27.69,27.73,27.74,27.75,2800,800,700,600,200,800,27.72
547,1029,BRALUPCDAM15BR00,ALUP11,1621961298038878,27.71,27.7,27.69,27.72,27.73,27.74,2800,800,700,200,500,200,27.72
548,1029,BRALUPCDAM15BR00,ALUP11,1621961354109915,27.71,27.7,27.69,27.72,27.73,27.74,1600,500,500,1600,100,400,27.71
549,1029,BRALUPCDAM15BR00,ALUP11,1621961354110974,27.71,27.7,27.69,27.72,27.73,27.74,1600,500,500,1500,100,400,27.71
550,1029,BRALUPCDAM15BR00,ALUP11,1621961354321023,27.71,27.7,27.69,27.72,27.73,27.74,1600,500,500,1200,100,400,27.72
551,1029,BRALUPCDAM15BR00,ALUP11,1621961354322385,27.71,27.7,27.69,27.72,27.73,27.74,1700,500,500,1300,100,400,27.72
552,1029,BRALUPCDAM15BR00,ALUP11,1621961382386398,27.71,27.7,27.69,27.72,27.73,27.74,2100,500,600,1700,100,400,27.71
553,1029,BRALUPCDAM15BR00,ALUP11,1621961382387481,27.71,27.7,27.69,27.72,27.73,27.74,2100,500,600,1600,100,400,27.71
554,1029,BRALUPCDAM15BR00,ALUP11,1621961398045207,27.71,27.7,27.69,27.72,27.73,27.74,2000,500,500,1700,100,400,27.71
555,1029,BRALUPCDAM15BR00,ALUP11,1621961398046735,27.71,27.7,27.69,27.72,27.73,27.74,2000,500,500,1800,100,400,27.71
556,1029,BRALUPCDAM15BR00,ALUP11,1621961438010332,27.71,27.7,27.69,27.72,27.73,27.74,2200,300,400,1700,100,400,27.72
557,1029,BRALUPCDAM15BR00,ALUP11,1621961460237031,27.71,27.7,27.69,27.72,27.73,27.74,2000,300,500,1300,100,400,27.72
558,1029,BRALUPCDAM15BR00,ALUP11,1621961460238372,27.71,27.7,27.69,27.72,27.73,27.74,2000,300,500,1400,100,400,27.72
559,1029,BRALUPCDAM15BR00,ALUP11,1621961470812080,27.71,27.7,27.69,27.72,27.73,27.74,3100,400,500,100,100,200,27.72
560,1029,BRALUPCDAM15BR00,ALUP11,1621961470813399,27.71,27.7,27.69,27.73,27.74,27.75,3100,400,500,200,200,700,27.72
561,1029,BRALUPCDAM15BR00,ALUP11,1621961492114990,27.72,27.71,27.7,27.73,27.74,27.75,500,2900,400,300,200,700,27.73
562,1029,BRALUPCDAM15BR00,ALUP11,1621961492116648,27.72,27.71,27.7,27.73,27.74,27.75,600,2900,400,100,200,700,27.73
563,1029,BRALUPCDAM15BR00,ALUP11,1621961494163566,27.74,27.73,27.72,27.75,27.76,27.77,200,500,700,400,3300,1000,27.74
564,1029,BRALUPCDAM15BR00,ALUP11,1621961494165035,27.74,27.73,27.72,27.75,27.76,27.77,300,600,700,400,3300,1000,27.74
565,1029,BRALUPCDAM15BR00,ALUP11,1621961494165186,27.74,27.73,27.72,27.75,27.76,27.77,300,600,700,400,3300,1000,27.74
566,1029,BRALUPCDAM15BR00,ALUP11,1621961494165535,27.74,27.73,27.72,27.75,27.76,27.77,200,600,700,400,3300,1000,27.74
567,1029,BRALUPCDAM15BR00,ALUP11,1621961494166844,27.74,27.73,27.72,27.75,27.76,27.77,100,600,700,400,3300,1000,27.74
568,1029,BRALUPCDAM15BR00,ALUP11,1621961494167061,27.74,27.73,27.72,27.75,27.76,27.77,100,600,700,400,3300,1000,27.74
569,1029,BRALUPCDAM15BR00,ALUP11,1621961494167340,27.73,27.72,27.71,27.75,27.76,27.77,600,700,5100,400,3300,1000,27.74
570,1029,BRALUPCDAM15BR00,ALUP11,1621961494168452,27.73,27.72,27.71,27.74,27.75,27.76,600,700,5100,100,400,3300,27.74
571,1029,BRALUPCDAM15BR00,ALUP11,1621961497145395,27.73,27.72,27.71,27.75,27.76,27.77,700,700,4900,400,3300,1000,27.74
572,1029,BRALUPCDAM15BR00,ALUP11,1621961497146067,27.74,27.73,27.72,27.75,27.76,27.77,100,700,700,400,3300,1000,27.74
573,1029,BRALUPCDAM15BR00,ALUP11,1621961497147440,27.74,27.73,27.72,27.75,27.76,27.77,200,700,1100,400,3300,1000,27.74
574,1029,BRALUPCDAM15BR00,ALUP11,1621961497147609,27.74,27.73,27.72,27.75,27.76,27.77,200,700,1100,400,3300,1000,27.74
575,1100,BRANIMACNOR6BR00,ANIM3,1621960230147740,12.1,12.09,12.08,12.11,12.12,12.13,1600,800,1300,200,3800,5300,12.1
576,1100,BRANIMACNOR6BR00,ANIM3,1621960230149073,12.1,12.09,12.08,12.11,12.12,12.13,1700,800,1300,200,3800,5300,12.1
577,1100,BRANIMACNOR6BR00,ANIM3,1621960244567653,12.11,12.1,12.09,12.12,12.13,12.14,400,2400,800,1900,5900,2600,12.11
578,1100,BRANIMACNOR6BR00,ANIM3,1621960244568982,12.11,12.1,12.09,12.12,12.13,12.14,1300,1800,800,1700,5500,2200,12.11
579,1100,BRANIMACNOR6BR00,ANIM3,1621960256304404,12.12,12.11,12.1,12.13,12.14,12.15,800,3100,1600,5000,2800,2900,12.12
580,1100,BRANIMACNOR6BR00,ANIM3,1621960256306431,12.12,12.11,12.1,12.13,12.14,12.15,1800,3200,2000,500,4700,2500,12.12
581,1100,BRANIMACNOR6BR00,ANIM3,1621960291315571,12.13,12.12,12.11,12.14,12.15,12.16,100,3900,1300,2600,5200,3100,12.13
582,1100,BRANIMACNOR6BR00,ANIM3,1621960291316970,12.13,12.12,12.11,12.14,12.15,12.16,200,3800,1300,2600,5200,2700,12.13
583,1100,BRANIMACNOR6BR00,ANIM3,1621960329635111,12.13,12.12,12.11,12.14,12.15,12.16,1700,2100,1000,2600,4900,3300,12.13
584,1100,BRANIMACNOR6BR00,ANIM3,1621960329635759,12.13,12.12,12.11,12.14,12.15,12.16,1700,2100,1000,2600,5500,2700,12.13
585,1100,BRANIMACNOR6BR00,ANIM3,1621960329636939,12.13,12.12,12.11,12.14,12.15,12.16,1800,2100,1000,2600,5500,2700,12.13
586,1100,BRANIMACNOR6BR00,ANIM3,1621960361760870,12.14,12.13,12.12,12.15,12.16,12.17,100,4800,2700,500,5500,4100,12.13
587,1100,BRANIMACNOR6BR00,ANIM3,1621960361762233,12.14,12.13,12.12,12.15,12.16,12.17,1400,4700,3100,500,5500,4100,12.13
588,1100,BRANIMACNOR6BR00,ANIM3,1621960363454740,12.15,12.14,12.13,12.16,12.17,12.18,100,4200,1400,4600,3900,3400,12.13
589,1100,BRANIMACNOR6BR00,ANIM3,1621960363456083,12.15,12.14,12.13,12.16,12.17,12.18,200,4000,1400,1600,6000,3000,12.13
590,1100,BRANIMACNOR6BR00,ANIM3,1621960407939347,12.15,12.14,12.13,12.16,12.17,12.18,3000,1900,900,300,4600,2700,12.16
591,1100,BRANIMACNOR6BR00,ANIM3,1621960468949368,12.15,12.14,12.13,12.16,12.17,12.18,2100,1900,900,1000,4600,2400,12.15
592,1100,BRANIMACNOR6BR00,ANIM3,1621960468956016,12.15,12.14,12.13,12.16,12.17,12.18,2100,1900,900,1000,4600,2400,12.15
593,1100,BRANIMACNOR6BR00,ANIM3,1621960507466321,12.15,12.14,12.13,12.16,12.17,12.18,2000,1300,900,3800,4600,2400,12.15
594,1100,BRANIMACNOR6BR00,ANIM3,1621960507466346,12.15,12.14,12.13,12.16,12.17,12.18,200,1300,900,3800,4600,2400,12.15
595,1100,BRANIMACNOR6BR00,ANIM3,1621960507467732,12.15,12.14,12.13,12.16,12.17,12.18,100,500,900,3800,4600,2400,12.15
596,1100,BRANIMACNOR6BR00,ANIM3,1621960507469058,12.14,12.13,12.12,12.16,12.17,12.18,500,1300,5400,3900,4000,2800,12.15
597,1100,BRANIMACNOR6BR00,ANIM3,1621960507469198,12.14,12.13,12.12,12.15,12.16,12.17,500,1300,5400,100,3900,4000,12.15
598,1100,BRANIMACNOR6BR00,ANIM3,1621960507470545,12.14,12.13,12.12,12.15,12.16,12.17,1500,1300,5400,1000,4400,4400,12.15
599,1100,BRANIMACNOR6BR00,ANIM3,1621960536231492,12.14,12.13,12.12,12.16,12.17,12.18,4200,1300,5400,1100,4400,4600,12.15
600,1100,BRANIMACNOR6BR00,ANIM3,1621960536232924,12.15,12.14,12.13,12.16,12.17,12.18,400,4200,1300,1000,4000,4600,12.15
601,1100,BRANIMACNOR6BR00,ANIM3,1621960536235942,12.15,12.14,12.13,12.16,12.17,12.18,200,4100,1700,1100,4000,4600,12.15
602,1100,BRANIMACNOR6BR00,ANIM3,1621960536236554,12.14,12.13,12.12,12.16,12.17,12.18,4100,1700,5400,1100,4000,4600,12.15
603,1100,BRANIMACNOR6BR00,ANIM3,1621960536237924,12.15,12.14,12.13,12.16,12.17,12.18,100,4100,1700,2000,4000,4600,12.15
604,1100,BRANIMACNOR6BR00,ANIM3,1621960554896401,12.15,12.14,12.13,12.16,12.17,12.18,1100,2800,1300,4100,4600,4600,12.15
605,1100,BRANIMACNOR6BR00,ANIM3,1621960555479942,12.15,12.14,12.13,12.16,12.17,12.18,1100,2800,1300,4100,4600,4600,12.15
606,1100,BRANIMACNOR6BR00,ANIM3,1621960555481178,12.15,12.14,12.13,12.16,12.17,12.18,1200,2800,1300,4100,4600,4600,12.15
607,1100,BRANIMACNOR6BR00,ANIM3,1621960566904053,12.15,12.14,12.13,12.16,12.17,12.18,1100,2800,1000,3800,4600,2400,12.15
608,1100,BRANIMACNOR6BR00,ANIM3,1621960566905109,12.15,12.14,12.13,12.16,12.17,12.18,1000,2800,1000,3800,4600,2400,12.15
609,1100,BRANIMACNOR6BR00,ANIM3,1621960568383355,12.15,12.14,12.13,12.16,12.17,12.18,1200,2600,1000,3700,4600,2400,12.15
610,1100,BRANIMACNOR6BR00,ANIM3,1621960568384581,12.15,12.14,12.13,12.16,12.17,12.18,1300,2600,1000,3700,4600,2400,12.15
611,1100,BRANIMACNOR6BR00,ANIM3,1621960592957797,12.15,12.14,12.13,12.16,12.17,12.18,800,2600,1000,3500,4600,2400,12.15
612,1100,BRANIMACNOR6BR00,ANIM3,1621960598724522,12.15,12.14,12.13,12.16,12.17,12.18,800,2300,1000,3500,4600,2400,12.15
613,1100,BRANIMACNOR6BR00,ANIM3,1621960598725927,12.15,12.14,12.13,12.16,12.17,12.18,900,2300,1000,3500,4600,2400,12.15
614,1100,BRANIMACNOR6BR00,ANIM3,1621960626096171,12.15,12.14,12.13,12.16,12.17,12.18,1300,2400,1000,3100,4000,2900,12.16
615,1100,BRANIMACNOR6BR00,ANIM3,1621960626097129,12.15,12.14,12.13,12.16,12.17,12.18,1200,2400,1000,3100,4000,2900,12.16
616,1100,BRANIMACNOR6BR00,ANIM3,1621960626725094,12.15,12.14,12.13,12.16,12.17,12.18,1000,2400,1000,3200,4000,2900,12.16
617,1100,BRANIMACNOR6BR00,ANIM3,1621960626726359,12.15,12.14,12.13,12.16,12.17,12.18,1100,2400,1000,3200,4000,2900,12.16
618,1100,BRANIMACNOR6BR00,ANIM3,1621960672964718,12.15,12.14,12.13,12.16,12.17,12.18,1800,2300,1000,4000,4300,2400,12.16
619,1100,BRANIMACNOR6BR00,ANIM3,1621960674452644,12.15,12.14,12.13,12.16,12.17,12.18,1900,2300,1000,4000,4300,2400,12.16
620,1100,BRANIMACNOR6BR00,ANIM3,1621960674454010,12.15,12.14,12.13,12.16,12.17,12.18,2000,2300,1000,4000,4300,2400,12.16
621,1100,BRANIMACNOR6BR00,ANIM3,1621960694447983,12.15,12.14,12.13,12.16,12.17,12.18,2400,2300,1000,3800,3700,3000,12.16
622,1100,BRANIMACNOR6BR00,ANIM3,1621960694448991,12.15,12.14,12.13,12.16,12.17,12.18,2300,2300,1000,3800,3700,3000,12.16
623,1100,BRANIMACNOR6BR00,ANIM3,1621960695138573,12.15,12.14,12.13,12.16,12.17,12.18,2700,1900,1000,3800,3700,3000,12.16
624,1100,BRANIMACNOR6BR00,ANIM3,1621960695139857,12.15,12.14,12.13,12.16,12.17,12.18,2800,1900,1100,3800,3700,3000,12.16
625,1100,BRANIMACNOR6BR00,ANIM3,1621960704229607,12.15,12.14,12.13,12.16,12.17,12.18,2900,1900,1100,4100,3700,3000,12.16
626,1100,BRANIMACNOR6BR00,ANIM3,1621960704230694,12.15,12.14,12.13,12.16,12.17,12.18,2800,1900,1100,4100,3700,3000,12.16
627,1100,BRANIMACNOR6BR00,ANIM3,1621960708455079,12.15,12.14,12.13,12.16,12.17,12.18,3000,1900,1100,4100,3700,3000,12.16
628,1100,BRANIMACNOR6BR00,ANIM3,1621960708456501,12.15,12.14,12.13,12.16,12.17,12.18,3100,1900,1100,4100,3700,3000,12.16
629,1100,BRANIMACNOR6BR00,ANIM3,1621960728095598,12.15,12.14,12.13,12.16,12.17,12.18,2600,1900,1100,4100,3700,3000,12.16
630,1100,BRANIMACNOR6BR00,ANIM3,1621960728096638,12.15,12.14,12.13,12.16,12.17,12.18,2500,1900,1100,4100,3700,3000,12.16
631,1100,BRANIMACNOR6BR00,ANIM3,1621960728434666,12.15,12.14,12.13,12.16,12.17,12.18,2400,1900,1100,4000,3700,3000,12.16
632,1100,BRANIMACNOR6BR00,ANIM3,1621960728435915,12.15,12.14,12.13,12.16,12.17,12.18,2500,1900,1100,4100,3700,3000,12.16
633,1100,BRANIMACNOR6BR00,ANIM3,1621960757971813,12.15,12.14,12.13,12.16,12.17,12.18,2400,1900,1100,3400,4300,2400,12.15
634,1100,BRANIMACNOR6BR00,ANIM3,1621960782568427,12.14,12.13,12.12,12.15,12.16,12.17,3900,1200,4700,2500,3000,4500,12.15
635,1100,BRANIMACNOR6BR00,ANIM3,1621960782569705,12.14,12.13,12.12,12.15,12.16,12.17,4000,1200,4700,2500,3000,4500,12.15
636,1100,BRANIMACNOR6BR00,ANIM3,1621960785588017,12.14,12.13,12.12,12.16,12.17,12.18,4200,2100,4700,1400,5100,4600,12.15
637,1100,BRANIMACNOR6BR00,ANIM3,1621960785589367,12.15,12.14,12.13,12.16,12.17,12.18,1500,4100,2100,1300,4700,4600,12.15
638,1100,BRANIMACNOR6BR00,ANIM3,1621960785591374,12.15,12.14,12.13,12.16,12.17,12.18,1100,4100,2100,1400,3700,4600,12.15
639,1100,BRANIMACNOR6BR00,ANIM3,1621960785591711,12.15,12.14,12.13,12.16,12.17,12.18,1100,4100,2100,1400,3700,5200,12.15
640,1100,BRANIMACNOR6BR00,ANIM3,1621960785593046,12.15,12.14,12.13,12.16,12.17,12.18,1200,4100,2100,1500,4300,4600,12.15
641,1100,BRANIMACNOR6BR00,ANIM3,1621960787974373,12.15,12.14,12.13,12.16,12.17,12.18,2400,3500,2100,1600,4300,4300,12.15
642,1100,BRANIMACNOR6BR00,ANIM3,1621960788103421,12.15,12.14,12.13,12.16,12.17,12.18,2500,2700,2000,600,3400,4900,12.16
643,1100,BRANIMACNOR6BR00,ANIM3,1621960788104628,12.15,12.14,12.13,12.16,12.17,12.18,2500,2700,2000,900,3400,4900,12.16
644,1100,BRANIMACNOR6BR00,ANIM3,1621960799659624,12.15,12.14,12.13,12.16,12.17,12.18,4700,1200,1900,900,3400,4900,12.16
645,1100,BRANIMACNOR6BR00,ANIM3,1621960799660656,12.15,12.14,12.13,12.16,12.17,12.18,4600,1200,1900,900,3400,4900,12.16
646,1100,BRANIMACNOR6BR00,ANIM3,1621960814464367,12.16,12.15,12.14,12.17,12.18,12.19,1100,2700,1500,2500,3700,3300,12.16
647,1100,BRANIMACNOR6BR00,ANIM3,1621960814465705,12.16,12.15,12.14,12.17,12.18,12.19,1200,2700,1500,2500,3700,2900,12.16
648,1100,BRANIMACNOR6BR00,ANIM3,1621960816829159,12.16,12.15,12.14,12.17,12.18,12.19,2900,2200,1500,900,2000,3500,12.17
649,1100,BRANIMACNOR6BR00,ANIM3,1621960816830197,12.16,12.15,12.14,12.17,12.18,12.19,2800,2200,1500,900,2000,3500,12.17
650,1100,BRANIMACNOR6BR00,ANIM3,1621960819238654,12.16,12.15,12.14,12.17,12.18,12.19,2800,2200,1500,900,2000,3500,12.17
651,1100,BRANIMACNOR6BR00,ANIM3,1621960819239867,12.16,12.15,12.14,12.17,12.18,12.19,2900,2200,1500,900,2000,3500,12.17
652,1100,BRANIMACNOR6BR00,ANIM3,1621960856954520,12.16,12.15,12.14,12.18,12.19,12.2,3000,2200,1500,1900,3300,4500,12.17
653,1100,BRANIMACNOR6BR00,ANIM3,1621960856955804,12.17,12.16,12.15,12.18,12.19,12.2,100,2900,2400,1900,3300,4500,12.17
654,1100,BRANIMACNOR6BR00,ANIM3,1621960856957029,12.16,12.15,12.14,12.18,12.19,12.2,2900,2400,1500,1900,3300,4500,12.17
655,1100,BRANIMACNOR6BR00,ANIM3,1621960856957239,12.16,12.15,12.14,12.18,12.19,12.2,2900,2400,1500,1100,3300,4500,12.17
656,1100,BRANIMACNOR6BR00,ANIM3,1621960856958431,12.17,12.16,12.15,12.18,12.19,12.2,100,3300,2400,1100,4100,4500,12.17
657,1100,BRANIMACNOR6BR00,ANIM3,1621960857920056,12.16,12.15,12.14,12.18,12.19,12.2,2600,2400,1900,1100,4100,4500,12.16
658,1100,BRANIMACNOR6BR00,ANIM3,1621960858455039,12.16,12.15,12.14,12.18,12.19,12.2,2600,2400,1900,1100,4400,4500,12.16
659,1100,BRANIMACNOR6BR00,ANIM3,1621960858456203,12.17,12.16,12.15,12.18,12.19,12.2,100,2600,2400,1100,4400,4500,12.16
660,1100,BRANIMACNOR6BR00,ANIM3,1621960863698953,12.17,12.16,12.15,12.18,12.19,12.2,100,2700,2400,1100,4400,4500,12.16
661,1100,BRANIMACNOR6BR00,ANIM3,1621960863699986,12.16,12.15,12.14,12.18,12.19,12.2,2700,2400,4300,1100,4400,4500,12.16
662,1100,BRANIMACNOR6BR00,ANIM3,1621960864203157,12.16,12.15,12.14,12.18,12.19,12.2,2800,2400,4300,1100,4400,4500,12.16
663,1100,BRANIMACNOR6BR00,ANIM3,1621960864204350,12.17,12.16,12.15,12.18,12.19,12.2,100,2800,2400,1100,4400,4500,12.16
664,1100,BRANIMACNOR6BR00,ANIM3,1621960865934237,12.17,12.16,12.15,12.18,12.19,12.2,1900,1300,2200,1000,3800,5100,12.16
665,1100,BRANIMACNOR6BR00,ANIM3,1621960865935241,12.17,12.16,12.15,12.18,12.19,12.2,1800,1300,2200,1000,3800,5100,12.16
666,1100,BRANIMACNOR6BR00,ANIM3,1621960867622190,12.17,12.16,12.15,12.18,12.19,12.2,1900,1300,2200,1200,3800,5100,12.16
667,1100,BRANIMACNOR6BR00,ANIM3,1621960867623471,12.17,12.16,12.15,12.18,12.19,12.2,2000,1300,2200,1200,3800,5100,12.16
668,1100,BRANIMACNOR6BR00,ANIM3,1621960887983643,12.17,12.16,12.15,12.18,12.19,12.2,3300,1200,2300,1600,4100,4500,12.16
669,1100,BRANIMACNOR6BR00,ANIM3,1621960888992362,12.17,12.16,12.15,12.18,12.19,12.2,3400,1200,2300,1700,4100,4500,12.16
670,1100,BRANIMACNOR6BR00,ANIM3,1621960888999484,12.17,12.16,12.15,12.18,12.19,12.2,3500,1200,2300,1600,4100,4500,12.16
671,1100,BRANIMACNOR6BR00,ANIM3,1621960909455285,12.17,12.16,12.15,12.19,12.2,12.21,3500,1200,2300,4100,4500,1700,12.18
672,1100,BRANIMACNOR6BR00,ANIM3,1621960909462986,12.17,12.16,12.15,12.19,12.2,12.21,3500,1200,2300,4100,4500,1700,12.18
673,1100,BRANIMACNOR6BR00,ANIM3,1621960909485780,12.18,12.17,12.16,12.2,12.21,12.22,1300,4200,1700,5900,1300,1700,12.18
674,1100,BRANIMACNOR6BR00,ANIM3,1621960909487218,12.19,12.18,12.17,12.2,12.21,12.22,100,2000,4200,6000,900,1700,12.18
675,1100,BRANIMACNOR6BR00,ANIM3,1621960909488398,12.18,12.17,12.16,12.2,12.21,12.22,2000,4200,1700,5800,900,1700,12.19
676,1100,BRANIMACNOR6BR00,ANIM3,1621960909488923,12.18,12.17,12.16,12.2,12.21,12.22,2000,4200,1700,3700,900,1700,12.19
677,1100,BRANIMACNOR6BR00,ANIM3,1621960909491442,12.19,12.18,12.17,12.2,12.21,12.22,100,2000,4100,2800,900,1700,12.2
678,1100,BRANIMACNOR6BR00,ANIM3,1621960909493859,12.18,12.17,12.16,12.2,12.21,12.22,2000,4100,1700,2800,900,1700,12.19
679,1100,BRANIMACNOR6BR00,ANIM3,1621960909494213,12.18,12.17,12.16,12.2,12.21,12.22,2000,4100,1700,2800,800,1700,12.19
680,1100,BRANIMACNOR6BR00,ANIM3,1621960909495695,12.19,12.18,12.17,12.2,12.21,12.22,100,2000,4100,2800,800,2100,12.19
681,1100,BRANIMACNOR6BR00,ANIM3,1621960909496759,12.18,12.17,12.16,12.2,12.21,12.22,2000,4100,1700,2800,800,2100,12.19
682,1100,BRANIMACNOR6BR00,ANIM3,1621960909497470,12.18,12.17,12.16,12.2,12.21,12.22,2000,4300,1700,2800,800,2100,12.19
683,1100,BRANIMACNOR6BR00,ANIM3,1621960909498900,12.19,12.18,12.17,12.2,12.21,12.22,100,2000,4300,2800,800,2100,12.19
684,1100,BRANIMACNOR6BR00,ANIM3,1621960909582227,12.18,12.17,12.16,12.2,12.21,12.22,1200,4300,1700,2800,800,2100,12.19
685,1100,BRANIMACNOR6BR00,ANIM3,1621960909583255,12.18,12.17,12.16,12.2,12.21,12.22,1200,4300,1700,2800,1400,2100,12.19
686,1100,BRANIMACNOR6BR00,ANIM3,1621960909584409,12.18,12.17,12.16,12.2,12.21,12.22,1200,4300,1700,2800,4300,2100,12.19
687,1100,BRANIMACNOR6BR00,ANIM3,1621960909584575,12.18,12.17,12.16,12.2,12.21,12.22,1200,4300,1700,2800,4300,2100,12.19
688,1100,BRANIMACNOR6BR00,ANIM3,1621960909585225,12.18,12.17,12.16,12.2,12.21,12.22,1200,4700,1700,2800,4300,2100,12.19
689,1100,BRANIMACNOR6BR00,ANIM3,1621960909586534,12.19,12.18,12.17,12.2,12.21,12.22,100,1200,4700,2800,4300,2100,12.19
690,1100,BRANIMACNOR6BR00,ANIM3,1621960909587529,12.18,12.17,12.16,12.2,12.21,12.22,1200,4700,1300,2800,4300,2100,12.19
691,1100,BRANIMACNOR6BR00,ANIM3,1621960909588341,12.18,12.17,12.16,12.19,12.2,12.21,1200,4700,1300,100,2800,4300,12.19
692,1100,BRANIMACNOR6BR00,ANIM3,1621960909589624,12.18,12.17,12.16,12.2,12.21,12.22,1300,4700,1300,2800,4300,2100,12.19
693,1100,BRANIMACNOR6BR00,ANIM3,1621960909590859,12.18,12.17,12.16,12.2,12.21,12.22,1300,4700,1300,2800,4300,2100,12.19
694,1100,BRANIMACNOR6BR00,ANIM3,1621960909592006,12.19,12.18,12.17,12.2,12.21,12.22,100,1200,4700,2800,4300,2100,12.19
695,1100,BRANIMACNOR6BR00,ANIM3,1621960909592377,12.18,12.17,12.16,12.2,12.21,12.22,1200,4700,1300,2800,4300,2100,12.19
696,1100,BRANIMACNOR6BR00,ANIM3,1621960909593670,12.18,12.17,12.16,12.19,12.2,12.21,1200,4700,1300,100,2800,4300,12.19
697,1100,BRANIMACNOR6BR00,ANIM3,1621960909594859,12.18,12.17,12.16,12.2,12.21,12.22,1300,4700,1300,2800,4300,2100,12.19
698,1100,BRANIMACNOR6BR00,ANIM3,1621960909596031,12.18,12.17,12.16,12.2,12.21,12.22,1300,4700,1300,2800,4300,2100,12.19
699,1100,BRANIMACNOR6BR00,ANIM3,1621960909597327,12.18,12.17,12.16,12.2,12.21,12.22,1200,4700,1300,2800,4300,2100,12.19
700,1100,BRANIMACNOR6BR00,ANIM3,1621960909597513,12.18,12.17,12.16,12.2,12.21,12.22,1200,4700,1300,2800,4300,2100,12.19
701,1100,BRANIMACNOR6BR00,ANIM3,1621960909598143,12.18,12.17,12.16,12.2,12.21,12.22,1200,4700,1300,3600,4300,2100,12.19
702,1100,BRANIMACNOR6BR00,ANIM3,1621960909599426,12.18,12.17,12.16,12.2,12.21,12.22,1200,4700,1300,3600,4300,2100,12.19
703,1100,BRANIMACNOR6BR00,ANIM3,1621960909599565,12.18,12.17,12.16,12.2,12.21,12.22,1200,4700,1300,3600,4300,2100,12.19
704,1100,BRANIMACNOR6BR00,ANIM3,1621960909599811,12.18,12.17,12.16,12.19,12.2,12.21,1200,4700,1300,800,3600,4300,12.19
705,1100,BRANIMACNOR6BR00,ANIM3,1621960909600894,12.18,12.17,12.16,12.19,12.2,12.21,1300,4700,1300,800,4000,4300,12.19
706,1100,BRANIMACNOR6BR00,ANIM3,1621960912952360,12.17,12.16,12.15,12.18,12.19,12.2,2000,1700,4800,1000,1100,5800,12.18
707,1100,BRANIMACNOR6BR00,ANIM3,1621960912952449,12.17,12.16,12.15,12.18,12.19,12.2,2000,1700,4800,1000,1100,5800,12.18
708,1100,BRANIMACNOR6BR00,ANIM3,1621960912953434,12.17,12.16,12.15,12.18,12.19,12.2,1800,1700,4800,1000,1100,5800,12.18
709,1100,BRANIMACNOR6BR00,ANIM3,1621960912954640,12.17,12.16,12.15,12.18,12.19,12.2,1100,1100,4400,1000,1500,5200,12.18
710,1100,BRANIMACNOR6BR00,ANIM3,1621960957987404,12.17,12.16,12.15,12.18,12.19,12.2,1100,1800,5300,700,2200,4400,12.17
711,1100,BRANIMACNOR6BR00,ANIM3,1621960972024974,12.17,12.16,12.15,12.19,12.2,12.21,1900,1900,5700,1200,6100,3600,12.18
712,1100,BRANIMACNOR6BR00,ANIM3,1621960972026249,12.18,12.17,12.16,12.19,12.2,12.21,100,1900,1900,1200,6100,3600,12.18
713,1100,BRANIMACNOR6BR00,ANIM3,1621960972027187,12.17,12.16,12.15,12.19,12.2,12.21,1900,2300,5700,1200,6100,3600,12.18
714,1100,BRANIMACNOR6BR00,ANIM3,1621960972027690,12.17,12.16,12.15,12.19,12.2,12.21,1100,2300,5700,1200,6100,3600,12.18
715,1100,BRANIMACNOR6BR00,ANIM3,1621960972028831,12.18,12.17,12.16,12.19,12.2,12.21,100,1100,2300,1200,6100,3600,12.18
716,1100,BRANIMACNOR6BR00,ANIM3,1621960972029835,12.17,12.16,12.15,12.19,12.2,12.21,1100,2300,5700,1200,6100,3600,12.18
717,1100,BRANIMACNOR6BR00,ANIM3,1621960973073696,12.17,12.16,12.15,12.19,12.2,12.21,1100,1900,5700,1200,6100,3600,12.18
718,1100,BRANIMACNOR6BR00,ANIM3,1621960973075018,12.18,12.17,12.16,12.19,12.2,12.21,100,1100,1900,1200,6100,3600,12.18
719,1100,BRANIMACNOR6BR00,ANIM3,1621960973076132,12.17,12.16,12.15,12.19,12.2,12.21,1100,2300,5700,1200,6100,3600,12.18
720,1100,BRANIMACNOR6BR00,ANIM3,1621960977167342,12.17,12.16,12.15,12.19,12.2,12.21,1200,1900,5700,1200,6100,3600,12.18
721,1100,BRANIMACNOR6BR00,ANIM3,1621960977168633,12.18,12.17,12.16,12.19,12.2,12.21,100,1200,1900,1200,6100,3600,12.18
722,1100,BRANIMACNOR6BR00,ANIM3,1621960977169659,12.17,12.16,12.15,12.19,12.2,12.21,1200,2300,5700,1200,6100,3600,12.18
723,1100,BRANIMACNOR6BR00,ANIM3,1621960977514852,12.17,12.16,12.15,12.19,12.2,12.21,1200,2400,5700,1200,6100,3600,12.18
724,1100,BRANIMACNOR6BR00,ANIM3,1621960977516104,12.18,12.17,12.16,12.19,12.2,12.21,100,1200,2000,1200,6100,3600,12.18
725,1100,BRANIMACNOR6BR00,ANIM3,1621960977517056,12.17,12.16,12.15,12.19,12.2,12.21,1200,2400,5700,1200,6100,3600,12.18
726,1100,BRANIMACNOR6BR00,ANIM3,1621960978284166,12.17,12.16,12.15,12.19,12.2,12.21,1200,2400,5700,1300,6100,3600,12.18
727,1100,BRANIMACNOR6BR00,ANIM3,1621960978285476,12.18,12.17,12.16,12.19,12.2,12.21,100,1200,2000,1300,6100,3600,12.18
728,1100,BRANIMACNOR6BR00,ANIM3,1621960978286470,12.17,12.16,12.15,12.19,12.2,12.21,1200,2400,5700,1300,6100,3600,12.18
729,1100,BRANIMACNOR6BR00,ANIM3,1621961030458558,12.17,12.16,12.15,12.19,12.2,12.21,1400,2400,3200,1200,5700,3200,12.18
730,1100,BRANIMACNOR6BR00,ANIM3,1621961030459922,12.18,12.17,12.16,12.19,12.2,12.21,100,1400,2400,1200,5700,3200,12.18
731,1100,BRANIMACNOR6BR00,ANIM3,1621961030460982,12.17,12.16,12.15,12.19,12.2,12.21,1400,2400,3200,1200,5700,3200,12.18
732,1100,BRANIMACNOR6BR00,ANIM3,1621961030461143,12.17,12.16,12.15,12.19,12.2,12.21,1400,2400,5300,1200,5700,3200,12.18
733,1100,BRANIMACNOR6BR00,ANIM3,1621961030462426,12.18,12.17,12.16,12.19,12.2,12.21,100,1400,2400,1200,5700,3200,12.18
734,1100,BRANIMACNOR6BR00,ANIM3,1621961030463353,12.17,12.16,12.15,12.19,12.2,12.21,1400,2400,5300,1200,5700,3200,12.18
735,1100,BRANIMACNOR6BR00,ANIM3,1621961032235687,12.17,12.16,12.15,12.18,12.19,12.2,1400,2400,5300,100,1200,5700,12.18
736,1100,BRANIMACNOR6BR00,ANIM3,1621961032237452,12.17,12.16,12.15,12.19,12.2,12.21,1500,2400,3200,1200,5100,3200,12.18
737,1100,BRANIMACNOR6BR00,ANIM3,1621961033276012,12.17,12.16,12.15,12.19,12.2,12.21,1500,2400,3200,1200,5700,3200,12.18
738,1100,BRANIMACNOR6BR00,ANIM3,1621961033277260,12.18,12.17,12.16,12.19,12.2,12.21,100,1400,2400,1200,5700,3200,12.18
739,1100,BRANIMACNOR6BR00,ANIM3,1621961033278297,12.17,12.16,12.15,12.19,12.2,12.21,1400,2400,3200,1200,5700,3200,12.18
740,1100,BRANIMACNOR6BR00,ANIM3,1621961033278354,12.17,12.16,12.15,12.19,12.2,12.21,1400,2400,3200,1200,4900,3200,12.18
741,1100,BRANIMACNOR6BR00,ANIM3,1621961033279566,12.18,12.17,12.16,12.19,12.2,12.21,100,1400,2400,1200,4900,4000,12.18
742,1100,BRANIMACNOR6BR00,ANIM3,1621961033280526,12.18,12.17,12.16,12.19,12.2,12.21,300,1000,2400,1200,4900,4000,12.18
743,1100,BRANIMACNOR6BR00,ANIM3,1621961033280658,12.18,12.17,12.16,12.19,12.2,12.21,200,1000,2400,1200,4900,4000,12.18
744,1100,BRANIMACNOR6BR00,ANIM3,1621961033281814,12.18,12.17,12.16,12.19,12.2,12.21,100,1000,2400,1200,4900,4000,12.18
745,1100,BRANIMACNOR6BR00,ANIM3,1621961033325640,12.18,12.17,12.16,12.19,12.2,12.21,800,900,2400,1200,4900,4000,12.18
746,1100,BRANIMACNOR6BR00,ANIM3,1621961033326417,12.18,12.17,12.16,12.19,12.2,12.21,300,900,2400,1200,4900,4000,12.18
747,1100,BRANIMACNOR6BR00,ANIM3,1621961033327592,12.18,12.17,12.16,12.19,12.2,12.21,400,900,2400,1200,4900,4000,12.18
748,1100,BRANIMACNOR6BR00,ANIM3,1621961052746989,12.17,12.16,12.15,12.19,12.2,12.21,400,1100,7100,1600,4600,4000,12.18
749,1100,BRANIMACNOR6BR00,ANIM3,1621961052748592,12.17,12.16,12.15,12.19,12.2,12.21,300,1100,7100,1600,4600,4000,12.18
750,1100,BRANIMACNOR6BR00,ANIM3,1621961052756066,12.17,12.16,12.15,12.18,12.19,12.2,1200,1100,7100,200,2100,4000,12.18
751,1100,BRANIMACNOR6BR00,ANIM3,1621961052756197,12.17,12.16,12.15,12.18,12.19,12.2,1200,1100,7100,200,2100,4000,12.18
752,1100,BRANIMACNOR6BR00,ANIM3,1621961052756921,12.17,12.16,12.15,12.19,12.2,12.21,1200,1100,7100,2100,4000,4000,12.18
753,1100,BRANIMACNOR6BR00,ANIM3,1621961052758849,12.18,12.17,12.16,12.19,12.2,12.21,100,1200,1100,1500,4000,4000,12.18
754,1100,BRANIMACNOR6BR00,ANIM3,1621961052817283,12.17,12.16,12.15,12.19,12.2,12.21,1200,1100,7100,1500,5400,3200,12.18
755,1100,BRANIMACNOR6BR00,ANIM3,1621961052847675,12.17,12.16,12.15,12.18,12.19,12.2,1200,1100,7100,700,1500,5400,12.18
756,1100,BRANIMACNOR6BR00,ANIM3,1621961052849079,12.17,12.16,12.15,12.18,12.19,12.2,1300,1100,7100,700,1500,5400,12.18
757,1100,BRANIMACNOR6BR00,ANIM3,1621961052855023,12.17,12.16,12.15,12.19,12.2,12.21,600,1100,7100,1500,5400,3200,12.17
758,1100,BRANIMACNOR6BR00,ANIM3,1621961052856355,12.17,12.16,12.15,12.19,12.2,12.21,500,1100,7100,1500,5400,3200,12.18
759,1100,BRANIMACNOR6BR00,ANIM3,1621961052856518,12.17,12.16,12.15,12.19,12.2,12.21,500,1100,7100,1500,5400,3200,12.18
760,1100,BRANIMACNOR6BR00,ANIM3,1621961052856636,12.17,12.16,12.15,12.19,12.2,12.21,500,1000,7100,1500,5400,3200,12.18
761,1100,BRANIMACNOR6BR00,ANIM3,1621961052857911,12.18,12.17,12.16,12.19,12.2,12.21,100,500,1000,1500,5400,3200,12.18
762,1100,BRANIMACNOR6BR00,ANIM3,1621961052879841,12.17,12.16,12.15,12.19,12.2,12.21,500,1000,7100,1500,5400,3200,12.18
763,1100,BRANIMACNOR6BR00,ANIM3,1621961053172206,12.17,12.16,12.15,12.19,12.2,12.21,1100,1000,7100,1500,5400,3200,12.18
764,1100,BRANIMACNOR6BR00,ANIM3,1621961053173522,12.18,12.17,12.16,12.19,12.2,12.21,100,1200,1000,1500,5400,3200,12.18
765,1100,BRANIMACNOR6BR00,ANIM3,1621961069626367,12.18,12.17,12.16,12.19,12.2,12.21,1700,1100,1100,1800,5400,3200,12.18
766,1100,BRANIMACNOR6BR00,ANIM3,1621961069627000,12.18,12.17,12.16,12.19,12.2,12.21,1700,1100,1100,1900,5400,3200,12.18
767,1100,BRANIMACNOR6BR00,ANIM3,1621961069628348,12.18,12.17,12.16,12.19,12.2,12.21,1800,1100,1100,1900,5400,3200,12.18
768,1100,BRANIMACNOR6BR00,ANIM3,1621961091890987,12.19,12.18,12.17,12.2,12.21,12.22,100,2000,1100,4700,3400,1700,12.19
769,1100,BRANIMACNOR6BR00,ANIM3,1621961091892656,12.19,12.18,12.17,12.2,12.21,12.22,900,2700,1300,1700,6300,1700,12.19
770,1100,BRANIMACNOR6BR00,ANIM3,1621961100460005,12.19,12.18,12.17,12.2,12.21,12.22,2900,1700,700,600,3900,2300,12.2
771,1100,BRANIMACNOR6BR00,ANIM3,1621961100461523,12.19,12.18,12.17,12.21,12.22,12.23,2700,1700,700,3900,2300,2700,12.2
772,1100,BRANIMACNOR6BR00,ANIM3,1621961100461905,12.19,12.18,12.17,12.21,12.22,12.23,2700,1700,700,3900,2300,2700,12.2
773,1100,BRANIMACNOR6BR00,ANIM3,1621961100462267,12.19,12.18,12.17,12.21,12.22,12.23,2700,1900,700,3900,2300,2700,12.2
774,1100,BRANIMACNOR6BR00,ANIM3,1621961100463569,12.2,12.19,12.18,12.21,12.22,12.23,100,2700,1900,200,4100,2700,12.2
775,1100,BRANIMACNOR6BR00,ANIM3,1621961100464208,12.2,12.19,12.18,12.21,12.22,12.23,500,2700,1900,200,3500,2700,12.2
776,1100,BRANIMACNOR6BR00,ANIM3,1621961100465628,12.2,12.19,12.18,12.21,12.22,12.23,1300,2700,1900,100,3500,3300,12.21
777,1100,BRANIMACNOR6BR00,ANIM3,1621961100465787,12.2,12.19,12.18,12.21,12.22,12.23,1300,2700,1900,100,3500,3300,12.21
778,1100,BRANIMACNOR6BR00,ANIM3,1621961100466146,12.2,12.19,12.18,12.22,12.23,12.24,1300,2700,1900,3500,3300,800,12.21
779,1100,BRANIMACNOR6BR00,ANIM3,1621961100467373,12.21,12.2,12.19,12.22,12.23,12.24,100,1300,2700,3500,2900,800,12.21
780,1100,BRANIMACNOR6BR00,ANIM3,1621961100468385,12.2,12.19,12.18,12.22,12.23,12.24,1300,2700,1900,3600,2900,800,12.21
781,1100,BRANIMACNOR6BR00,ANIM3,1621961100469293,12.2,12.19,12.18,12.22,12.23,12.24,1300,2700,1900,4400,2900,800,12.21
782,1100,BRANIMACNOR6BR00,ANIM3,1621961100470489,12.21,12.2,12.19,12.22,12.23,12.24,100,400,2700,4400,2900,800,12.21
783,1100,BRANIMACNOR6BR00,ANIM3,1621961100470672,12.21,12.19,12.18,12.22,12.23,12.24,100,2700,1900,4400,2900,800,12.21
784,1100,BRANIMACNOR6BR00,ANIM3,1621961100471264,12.19,12.18,12.17,12.22,12.23,12.24,2700,1900,700,4400,2900,800,12.21
785,1100,BRANIMACNOR6BR00,ANIM3,1621961100472098,12.19,12.18,12.17,12.22,12.23,12.24,2700,1900,700,4400,2900,800,12.21
786,1100,BRANIMACNOR6BR00,ANIM3,1621961100473444,12.2,12.19,12.18,12.21,12.22,12.23,200,2700,1900,1300,5000,2300,12.21
787,1100,BRANIMACNOR6BR00,ANIM3,1621961101865118,12.2,12.19,12.18,12.21,12.22,12.23,1100,2500,1900,1400,5000,2300,12.21
788,1100,BRANIMACNOR6BR00,ANIM3,1621961101878010,12.2,12.19,12.18,12.21,12.22,12.23,1000,2500,1900,1100,5000,2300,12.21
789,1100,BRANIMACNOR6BR00,ANIM3,1621961102324644,12.2,12.19,12.18,12.21,12.22,12.23,1900,1600,1900,1100,5000,2300,12.21
790,1100,BRANIMACNOR6BR00,ANIM3,1621961102326143,12.2,12.19,12.18,12.21,12.22,12.23,1900,1600,1900,1000,5000,2300,12.21
791,1100,BRANIMACNOR6BR00,ANIM3,1621961102326290,12.2,12.19,12.18,12.21,12.22,12.23,1900,1600,1900,1000,5000,2300,12.21
792,1100,BRANIMACNOR6BR00,ANIM3,1621961102326898,12.2,12.19,12.18,12.21,12.22,12.23,1900,1600,1900,1000,4400,2300,12.21
793,1100,BRANIMACNOR6BR00,ANIM3,1621961102328309,12.2,12.19,12.18,12.21,12.22,12.23,1900,1600,1900,800,4400,2300,12.21
794,1100,BRANIMACNOR6BR00,ANIM3,1621961102328427,12.2,12.19,12.18,12.21,12.22,12.23,1900,1600,1900,800,4400,2300,12.21
795,1100,BRANIMACNOR6BR00,ANIM3,1621961102329004,12.2,12.19,12.18,12.21,12.22,12.23,1900,1600,1900,800,4400,2900,12.21
796,1100,BRANIMACNOR6BR00,ANIM3,1621961102330227,12.2,12.19,12.18,12.21,12.22,12.23,1900,1600,1900,700,4400,2900,12.21
797,1100,BRANIMACNOR6BR00,ANIM3,1621961102330392,12.2,12.19,12.18,12.21,12.22,12.23,1900,1600,1900,700,4400,2900,12.21
798,1100,BRANIMACNOR6BR00,ANIM3,1621961102375322,12.2,12.19,12.18,12.21,12.22,12.23,1900,1600,1900,800,4400,2900,12.21
799,1100,BRANIMACNOR6BR00,ANIM3,1621961102376631,12.2,12.19,12.18,12.21,12.22,12.23,1900,1600,1900,800,4400,2900,12.21
800,1100,BRANIMACNOR6BR00,ANIM3,1621961102376784,12.2,12.19,12.18,12.21,12.22,12.23,1900,1600,1900,800,4400,2900,12.21
801,1100,BRANIMACNOR6BR00,ANIM3,1621961102376951,12.2,12.19,12.18,12.21,12.22,12.23,1100,1600,1900,800,4400,2900,12.21
802,1100,BRANIMACNOR6BR00,ANIM3,1621961102378143,12.2,12.19,12.18,12.21,12.22,12.23,1100,1600,1900,800,4400,2900,12.21
803,1100,BRANIMACNOR6BR00,ANIM3,1621961102378323,12.2,12.19,12.18,12.21,12.22,12.23,1100,1600,1900,800,4400,2900,12.21
804,1100,BRANIMACNOR6BR00,ANIM3,1621961105115730,12.2,12.19,12.18,12.21,12.22,12.23,1200,1500,1900,800,4400,2900,12.21
805,1100,BRANIMACNOR6BR00,ANIM3,1621961105117197,12.2,12.19,12.18,12.21,12.22,12.23,1200,1500,1900,700,4400,2900,12.21
806,1100,BRANIMACNOR6BR00,ANIM3,1621961105117379,12.2,12.19,12.18,12.21,12.22,12.23,1200,1500,1900,700,4400,2900,12.21
807,1100,BRANIMACNOR6BR00,ANIM3,1621961105118028,12.2,12.19,12.18,12.21,12.22,12.23,2000,1500,1900,700,4400,2900,12.21
808,1100,BRANIMACNOR6BR00,ANIM3,1621961105119310,12.2,12.19,12.18,12.21,12.22,12.23,2100,1500,1800,500,4400,2900,12.21
809,1100,BRANIMACNOR6BR00,ANIM3,1621961105119459,12.2,12.19,12.18,12.21,12.22,12.23,2100,1500,1800,500,4400,2900,12.21
810,1100,BRANIMACNOR6BR00,ANIM3,1621961105119887,12.2,12.19,12.18,12.21,12.22,12.23,2100,1500,1800,500,4200,2900,12.21
811,1100,BRANIMACNOR6BR00,ANIM3,1621961105121074,12.2,12.19,12.18,12.21,12.22,12.23,2100,1500,1800,400,4200,2900,12.21
812,1100,BRANIMACNOR6BR00,ANIM3,1621961105121264,12.2,12.19,12.18,12.21,12.22,12.23,2100,1500,1800,400,4200,2900,12.21
813,1100,BRANIMACNOR6BR00,ANIM3,1621961105121639,12.2,12.19,12.18,12.21,12.22,12.23,2100,1500,1800,300,4200,2900,12.21
814,1100,BRANIMACNOR6BR00,ANIM3,1621961105122795,12.2,12.19,12.18,12.21,12.22,12.23,2100,1500,1800,200,4200,2900,12.21
815,1100,BRANIMACNOR6BR00,ANIM3,1621961105122950,12.2,12.19,12.18,12.21,12.22,12.23,2100,1500,1800,200,4200,2900,12.21
816,1100,BRANIMACNOR6BR00,ANIM3,1621961105123359,12.2,12.19,12.18,12.21,12.22,12.23,2100,1500,1800,100,4200,2900,12.21
817,1100,BRANIMACNOR6BR00,ANIM3,1621961105124456,12.21,12.2,12.19,12.22,12.23,12.24,100,2100,1500,4200,2900,800,12.21
818,1100,BRANIMACNOR6BR00,ANIM3,1621961105125471,12.2,12.19,12.18,12.21,12.22,12.23,2100,1600,1800,100,2100,2900,12.21
819,1100,BRANIMACNOR6BR00,ANIM3,1621961105125509,12.2,12.19,12.18,12.21,12.22,12.23,2100,1600,1800,100,2100,2900,12.21
820,1100,BRANIMACNOR6BR00,ANIM3,1621961105126706,12.2,12.19,12.18,12.22,12.23,12.24,2100,1600,1800,2100,5000,800,12.21
821,1100,BRANIMACNOR6BR00,ANIM3,1621961105126857,12.2,12.19,12.18,12.22,12.23,12.24,2100,1600,1800,2100,5000,800,12.21
822,1100,BRANIMACNOR6BR00,ANIM3,1621961105927709,12.2,12.19,12.18,12.22,12.23,12.24,2100,1600,1800,2100,5100,800,12.21
823,1100,BRANIMACNOR6BR00,ANIM3,1621961105928988,12.21,12.2,12.19,12.22,12.23,12.24,100,2100,1600,2100,5100,800,12.21
824,1100,BRANIMACNOR6BR00,ANIM3,1621961107160299,12.21,12.2,12.19,12.22,12.23,12.24,1200,1000,1600,1100,4100,800,12.21
825,1100,BRANIMACNOR6BR00,ANIM3,1621961107161714,12.21,12.2,12.19,12.22,12.23,12.24,1100,1000,1600,900,4100,800,12.22
826,1100,BRANIMACNOR6BR00,ANIM3,1621961107161843,12.21,12.2,12.19,12.22,12.23,12.24,1100,1000,1600,900,4100,800,12.22
827,1391,BRAZULACNPR4BR00,AZUL4,1621960227935733,42.08,42.07,42.06,42.11,42.12,42.13,2200,700,600,800,1900,2500,42.11
828,1391,BRAZULACNPR4BR00,AZUL4,1621960227938944,42.08,42.07,42.06,42.11,42.12,42.13,2800,700,600,600,1700,2100,42.11
829,1391,BRAZULACNPR4BR00,AZUL4,1621960232057191,42.08,42.07,42.06,42.1,42.11,42.12,2800,1100,800,100,800,1200,42.11
830,1391,BRAZULACNPR4BR00,AZUL4,1621960232058472,42.08,42.07,42.06,42.1,42.11,42.12,2200,1000,800,200,700,1200,42.11
831,1391,BRAZULACNPR4BR00,AZUL4,1621960234986202,42.08,42.07,42.06,42.1,42.11,42.12,1900,800,1100,1300,500,2400,42.1
832,1391,BRAZULACNPR4BR00,AZUL4,1621960234986311,42.08,42.07,42.06,42.1,42.11,42.12,1900,800,1100,1000,500,2400,42.1
833,1391,BRAZULACNPR4BR00,AZUL4,1621960234992570,42.08,42.07,42.06,42.1,42.11,42.12,1900,800,1200,1000,500,2400,42.1
834,1391,BRAZULACNPR4BR00,AZUL4,1621960237708794,42.09,42.08,42.07,42.11,42.12,42.13,1200,2500,1100,400,1700,1800,42.1
835,1391,BRAZULACNPR4BR00,AZUL4,1621960237708916,42.09,42.08,42.07,42.11,42.12,42.13,1200,2500,1100,400,1700,1800,42.1
836,1391,BRAZULACNPR4BR00,AZUL4,1621960237709494,42.09,42.08,42.07,42.11,42.12,42.13,1200,2500,1100,400,1100,1800,42.1
837,1391,BRAZULACNPR4BR00,AZUL4,1621960237710916,42.09,42.08,42.07,42.11,42.12,42.13,1700,2600,1100,200,500,1500,42.1
838,1391,BRAZULACNPR4BR00,AZUL4,1621960237859319,42.09,42.08,42.07,42.12,42.13,42.14,1400,2600,1100,500,1500,3400,42.11
839,1391,BRAZULACNPR4BR00,AZUL4,1621960237861521,42.09,42.08,42.07,42.12,42.13,42.14,1400,2600,1100,500,1500,3400,42.11
840,1391,BRAZULACNPR4BR00,AZUL4,1621960237866002,42.09,42.08,42.07,42.12,42.13,42.14,1400,2600,1100,300,1500,3400,42.11
841,1391,BRAZULACNPR4BR00,AZUL4,1621960237897263,42.09,42.08,42.07,42.12,42.13,42.14,1400,2900,1100,100,1300,3400,42.11
842,1391,BRAZULACNPR4BR00,AZUL4,1621960237899685,42.09,42.08,42.07,42.12,42.13,42.14,1400,2900,1100,100,700,3400,42.11
843,1391,BRAZULACNPR4BR00,AZUL4,1621960237911712,42.09,42.08,42.07,42.12,42.13,42.14,1500,2900,1100,300,500,4300,42.11
844,1391,BRAZULACNPR4BR00,AZUL4,1621960237911918,42.1,42.09,42.08,42.12,42.13,42.14,500,1500,2900,300,500,4300,42.11
845,1391,BRAZULACNPR4BR00,AZUL4,1621960237916236,42.1,42.09,42.08,42.12,42.13,42.14,800,2100,2900,400,400,4300,42.11
846,1391,BRAZULACNPR4BR00,AZUL4,1621960237987897,42.1,42.09,42.08,42.12,42.13,42.14,500,2100,2900,100,400,4300,42.11
847,1391,BRAZULACNPR4BR00,AZUL4,1621960237990219,42.1,42.09,42.08,42.13,42.14,42.15,700,2100,2900,500,3800,2700,42.11
848,1391,BRAZULACNPR4BR00,AZUL4,1621960238105873,42.11,42.1,42.09,42.13,42.14,42.15,400,1700,1300,100,700,2500,42.11
849,1391,BRAZULACNPR4BR00,AZUL4,1621960238107398,42.11,42.1,42.09,42.14,42.15,42.16,400,1700,1300,800,2500,2200,42.11
