,MappingNumber,EsteeID,Ticker, CurrTimeInMicroSeconds, BP1, BP2, BP3, AP1, AP2, AP3, BQ1, BQ2, BQ3, AQ1, AQ2, AQ3, LTP
0,129,BRAALRACNOR6BR00,AALR3,1621269334951812,10.02,10.01,10.0,10.04,10.05,10.06,4000,1100,3700,13300,800,700,10.03
1,129,BRAALRACNOR6BR00,AALR3,1621269334951830,10.02,10.01,10.0,10.04,10.05,10.06,4000,1100,3700,13300,800,700,10.03
2,129,BRAALRACNOR6BR00,AALR3,1621269334953076,10.02,10.01,10.0,10.04,10.05,10.06,4400,1100,3700,13300,800,700,10.03
3,129,BRAALRACNOR6BR00,AALR3,1621269334953093,10.02,10.01,10.0,10.04,10.05,10.06,4400,1100,3700,13300,800,700,10.03
4,129,BRAALRACNOR6BR00,AALR3,1621269335938755,10.02,10.01,10.0,10.04,10.05,10.06,4400,1100,3700,13300,800,700,10.03
5,129,BRAALRACNOR6BR00,AALR3,1621269335938782,10.02,10.01,10.0,10.04,10.05,10.06,4400,1100,3700,13300,800,700,10.03
6,129,BRAALRACNOR6BR00,AALR3,1621269335939461,10.02,10.01,10.0,10.04,10.05,10.06,4000,1100,3700,13300,800,700,10.03
7,129,BRAALRACNOR6BR00,AALR3,1621269335939481,10.02,10.01,10.0,10.04,10.05,10.06,4000,1100,3700,13300,800,700,10.03
8,129,BRAALRACNOR6BR00,AALR3,1621269340999629,10.02,10.01,10.0,10.04,10.05,10.06,4000,1100,3700,13700,800,700,10.03
9,129,BRAALRACNOR6BR00,AALR3,1621269341001071,10.02,10.01,10.0,10.04,10.05,10.06,4000,1100,3700,13800,800,700,10.03
10,129,BRAALRACNOR6BR00,AALR3,1621269353380400,10.02,10.01,10.0,10.03,10.04,10.05,4000,1100,3700,100,13800,800,10.03
11,129,BRAALRACNOR6BR00,AALR3,1621269353381679,10.02,10.01,10.0,10.03,10.04,10.05,4000,1100,3700,200,13700,800,10.03
12,129,BRAALRACNOR6BR00,AALR3,1621269387142969,10.02,10.01,10.0,10.03,10.04,10.05,400,700,3700,1900,13900,800,10.03
13,129,BRAALRACNOR6BR00,AALR3,1621269388751853,10.02,10.01,10.0,10.03,10.04,10.05,400,700,3700,1500,13900,800,10.03
14,129,BRAALRACNOR6BR00,AALR3,1621269388753089,10.02,10.01,10.0,10.03,10.04,10.05,400,700,3700,1600,13900,800,10.03
15,129,BRAALRACNOR6BR00,AALR3,1621269412012927,10.01,10.0,9.99,10.02,10.03,10.04,800,3100,1600,600,1100,13900,10.01
16,129,BRAALRACNOR6BR00,AALR3,1621269412014284,10.01,10.0,9.99,10.02,10.03,10.04,600,2400,1600,700,1600,13900,10.01
17,129,BRAALRACNOR6BR00,AALR3,1621269412014369,10.01,10.0,9.99,10.02,10.03,10.04,600,2400,1600,100,1600,13900,10.01
18,129,BRAALRACNOR6BR00,AALR3,1621269412015482,10.01,10.0,9.99,10.03,10.04,10.05,900,2400,1600,2300,13900,800,10.01
19,129,BRAALRACNOR6BR00,AALR3,1621269412018611,10.01,10.0,9.99,10.02,10.03,10.04,900,2400,1600,100,2200,13900,10.01
20,129,BRAALRACNOR6BR00,AALR3,1621269412019681,10.01,10.0,9.99,10.02,10.03,10.04,900,2400,1600,400,2100,13900,10.01
21,129,BRAALRACNOR6BR00,AALR3,1621269412197256,10.0,9.99,9.98,10.01,10.02,10.03,800,1600,1300,300,1500,1400,10.0
22,129,BRAALRACNOR6BR00,AALR3,1621269412198599,10.0,9.99,9.98,10.01,10.02,10.03,1700,800,1300,1000,1400,1400,10.0
23,129,BRAALRACNOR6BR00,AALR3,1621269412199304,10.0,9.99,9.98,10.01,10.02,10.03,1700,800,1300,100,1400,1400,10.0
24,129,BRAALRACNOR6BR00,AALR3,1621269412199330,10.0,9.99,9.98,10.01,10.02,10.03,1700,800,1300,100,1400,1400,10.0
25,129,BRAALRACNOR6BR00,AALR3,1621269415163500,9.98,9.97,9.96,10.0,10.01,10.02,600,300,1100,300,1600,2000,9.99
26,129,BRAALRACNOR6BR00,AALR3,1621269415165105,9.98,9.97,9.96,10.0,10.01,10.02,1300,1300,1700,1300,2100,2000,9.99
27,129,BRAALRACNOR6BR00,AALR3,1621269416164798,9.98,9.97,9.96,9.99,10.0,10.01,900,1300,1700,300,3100,2100,9.99
28,129,BRAALRACNOR6BR00,AALR3,1621269416165990,9.98,9.97,9.96,9.99,10.0,10.01,900,1300,1700,400,3400,2300,9.99
29,129,BRAALRACNOR6BR00,AALR3,1621269416182593,9.98,9.97,9.96,9.99,10.0,10.01,900,1300,1700,100,3000,2300,9.99
30,129,BRAALRACNOR6BR00,AALR3,1621269416183749,9.98,9.97,9.96,10.0,10.01,10.02,900,1300,1700,3100,2300,2000,9.99
31,129,BRAALRACNOR6BR00,AALR3,1621269419400374,9.98,9.97,9.96,9.99,10.0,10.01,900,1300,1700,100,2800,2300,9.99
32,129,BRAALRACNOR6BR00,AALR3,1621269419400398,9.98,9.97,9.96,9.99,10.0,10.01,900,1300,1700,100,2800,2300,9.99
33,129,BRAALRACNOR6BR00,AALR3,1621269442281722,9.96,9.95,9.94,9.97,9.99,10.0,1700,800,800,1000,300,2500,9.97
34,129,BRAALRACNOR6BR00,AALR3,1621269442281742,9.96,9.95,9.94,9.97,9.99,10.0,1700,800,800,1000,300,2500,9.97
35,129,BRAALRACNOR6BR00,AALR3,1621269442283208,9.96,9.95,9.94,9.99,10.0,10.01,1200,800,800,900,2500,2300,9.97
36,129,BRAALRACNOR6BR00,AALR3,1621269442283240,9.96,9.95,9.94,9.99,10.0,10.01,1200,800,800,1500,2500,2300,9.97
37,129,BRAALRACNOR6BR00,AALR3,1621269442284365,9.96,9.95,9.94,9.98,9.99,10.0,400,600,1000,300,1800,3100,9.97
38,129,BRAALRACNOR6BR00,AALR3,1621269442284388,9.96,9.95,9.94,9.98,9.99,10.0,400,600,1000,300,1800,3100,9.97
39,129,BRAALRACNOR6BR00,AALR3,1621269442415782,9.97,9.96,9.95,9.99,10.0,10.01,300,400,600,1100,3000,2300,9.97
40,129,BRAALRACNOR6BR00,AALR3,1621269442417182,9.97,9.96,9.95,9.99,10.0,10.01,300,1200,1400,1800,2200,2300,9.97
41,129,BRAALRACNOR6BR00,AALR3,1621269442542614,9.97,9.96,9.95,9.98,9.99,10.0,300,1200,1400,100,1200,2200,9.98
42,129,BRAALRACNOR6BR00,AALR3,1621269442543929,9.98,9.97,9.96,9.99,10.0,10.01,100,900,1000,800,2800,2300,9.98
43,129,BRAALRACNOR6BR00,AALR3,1621269442544143,9.98,9.97,9.96,9.99,10.0,10.01,100,900,1000,800,2800,2300,9.98
44,129,BRAALRACNOR6BR00,AALR3,1621269442549753,9.98,9.97,9.96,9.99,10.0,10.01,100,900,1000,800,2200,2300,9.98
45,129,BRAALRACNOR6BR00,AALR3,1621269442550776,9.98,9.97,9.96,9.99,10.0,10.01,100,300,1000,900,2200,2300,9.98
46,129,BRAALRACNOR6BR00,AALR3,1621269451693441,9.98,9.97,9.96,10.0,10.01,10.02,300,900,1000,1600,2300,1800,9.99
47,129,BRAALRACNOR6BR00,AALR3,1621269451693500,9.98,9.97,9.96,10.0,10.01,10.02,300,900,1000,1600,2300,1800,9.99
48,129,BRAALRACNOR6BR00,AALR3,1621269451694509,9.98,9.97,9.96,10.0,10.01,10.02,300,900,1600,1600,2300,1800,9.99
49,129,BRAALRACNOR6BR00,AALR3,1621269451695650,9.99,9.98,9.97,10.0,10.01,10.02,300,300,1100,1700,2300,1800,9.99
50,129,BRAALRACNOR6BR00,AALR3,1621269454670438,9.97,9.96,9.95,9.99,10.0,10.01,900,1200,1400,600,2700,3600,9.99
51,129,BRAALRACNOR6BR00,AALR3,1621269454683902,9.97,9.96,9.95,9.99,10.0,10.01,900,1200,1400,1100,2600,3600,9.99
52,129,BRAALRACNOR6BR00,AALR3,1621269458412545,9.9,9.89,9.88,9.98,9.99,10.0,200,1100,900,300,1400,2600,9.9
53,129,BRAALRACNOR6BR00,AALR3,1621269458414122,9.92,9.91,9.9,9.97,9.98,9.99,200,200,1000,600,2100,1300,9.9
54,129,BRAALRACNOR6BR00,AALR3,1621269458414236,9.92,9.91,9.9,9.97,9.98,9.99,200,200,1000,600,2100,1800,9.9
55,129,BRAALRACNOR6BR00,AALR3,1621269458415711,9.92,9.91,9.9,9.97,9.98,9.99,800,800,1300,1600,2000,1800,9.9
56,129,BRAALRACNOR6BR00,AALR3,1621269458416053,9.92,9.91,9.9,9.96,9.97,9.98,600,600,1500,600,1600,2000,9.9
57,129,BRAALRACNOR6BR00,AALR3,1621269458417265,9.92,9.91,9.9,9.96,9.97,9.98,1200,600,1500,1600,1500,2000,9.9
58,129,BRAALRACNOR6BR00,AALR3,1621269458418028,9.92,9.91,9.9,9.95,9.96,9.97,1400,600,1500,600,1600,1500,9.9
59,129,BRAALRACNOR6BR00,AALR3,1621269458419221,9.93,9.92,9.91,9.95,9.96,9.97,600,1400,800,700,1500,1500,9.9
60,129,BRAALRACNOR6BR00,AALR3,1621269458425670,9.93,9.92,9.91,9.95,9.96,9.97,1500,600,800,100,1500,1500,9.9
61,129,BRAALRACNOR6BR00,AALR3,1621269458425697,9.93,9.92,9.91,9.95,9.96,9.97,1500,600,800,100,1500,1500,9.9
62,129,BRAALRACNOR6BR00,AALR3,1621269459181821,9.93,9.92,9.91,9.96,9.97,9.98,1500,900,1400,1200,1500,1800,9.95
63,129,BRAALRACNOR6BR00,AALR3,1621269459183041,9.93,9.92,9.91,9.96,9.97,9.98,1500,900,1400,1400,1500,1800,9.95
64,129,BRAALRACNOR6BR00,AALR3,1621269459184229,9.93,9.92,9.91,9.96,9.97,9.98,1500,900,1400,1500,1500,1800,9.95
65,129,BRAALRACNOR6BR00,AALR3,1621269459184982,9.93,9.92,9.91,9.95,9.96,9.97,1500,900,1400,1100,1500,1500,9.95
66,129,BRAALRACNOR6BR00,AALR3,1621269459186110,9.93,9.92,9.91,9.95,9.96,9.97,1500,900,1400,1200,1400,1500,9.95
67,129,BRAALRACNOR6BR00,AALR3,1621269459350615,9.93,9.92,9.91,9.94,9.95,9.96,300,900,1400,100,1200,1400,9.95
68,129,BRAALRACNOR6BR00,AALR3,1621269459351873,9.93,9.92,9.91,9.94,9.95,9.96,300,900,800,100,1100,1400,9.94
69,129,BRAALRACNOR6BR00,AALR3,1621269459352813,9.93,9.92,9.91,9.95,9.96,9.97,300,900,800,1100,1400,1800,9.94
70,129,BRAALRACNOR6BR00,AALR3,1621269459353051,9.93,9.92,9.91,9.95,9.96,9.97,300,900,800,1100,1400,1800,9.94
71,129,BRAALRACNOR6BR00,AALR3,1621269459361259,9.93,9.92,9.91,9.95,9.96,9.97,300,900,800,1700,1400,1800,9.94
72,129,BRAALRACNOR6BR00,AALR3,1621269459362368,9.93,9.92,9.91,9.95,9.96,9.97,300,900,800,1800,1400,1800,9.94
73,129,BRAALRACNOR6BR00,AALR3,1621269463703273,9.92,9.91,9.9,9.94,9.95,9.96,900,200,1300,600,2300,1400,9.93
74,129,BRAALRACNOR6BR00,AALR3,1621269463704434,9.92,9.91,9.9,9.94,9.95,9.96,900,200,1300,1800,2200,1400,9.93
75,129,BRAALRACNOR6BR00,AALR3,1621269473146348,9.85,9.84,9.83,9.93,9.94,9.95,1800,300,1100,600,2400,2300,9.85
76,129,BRAALRACNOR6BR00,AALR3,1621269473147862,9.85,9.84,9.82,9.92,9.93,9.94,1800,300,300,600,2100,2800,9.85
77,129,BRAALRACNOR6BR00,AALR3,1621269473147984,9.85,9.84,9.82,9.92,9.93,9.94,1800,300,300,600,2200,2800,9.85
78,129,BRAALRACNOR6BR00,AALR3,1621269473149177,9.85,9.84,9.82,9.92,9.93,9.94,1800,300,300,1700,2000,2800,9.85
79,129,BRAALRACNOR6BR00,AALR3,1621269473149526,9.85,9.84,9.82,9.91,9.92,9.93,1800,300,300,600,1700,2000,9.85
80,129,BRAALRACNOR6BR00,AALR3,1621269473150621,9.85,9.84,9.82,9.91,9.92,9.93,1800,300,300,1600,1600,2000,9.85
81,129,BRAALRACNOR6BR00,AALR3,1621269473150906,9.85,9.84,9.82,9.9,9.91,9.92,1800,300,300,600,1700,1500,9.85
82,129,BRAALRACNOR6BR00,AALR3,1621269473152195,9.85,9.84,9.82,9.9,9.91,9.92,1800,300,300,1400,1500,1500,9.85
83,129,BRAALRACNOR6BR00,AALR3,1621269473152464,9.85,9.84,9.82,9.89,9.9,9.91,1800,300,300,600,1400,1500,9.85
84,129,BRAALRACNOR6BR00,AALR3,1621269473153614,9.85,9.84,9.82,9.89,9.9,9.91,1800,300,300,1400,1200,1500,9.85
85,129,BRAALRACNOR6BR00,AALR3,1621269473153863,9.85,9.84,9.82,9.88,9.89,9.9,1800,300,300,600,1400,1200,9.85
86,129,BRAALRACNOR6BR00,AALR3,1621269473155086,9.87,9.85,9.84,9.88,9.89,9.9,1300,1800,300,200,1200,1200,9.85
87,129,BRAALRACNOR6BR00,AALR3,1621269473155206,9.87,9.85,9.84,9.89,9.9,9.91,1300,1800,300,1200,1200,1500,9.88
88,129,BRAALRACNOR6BR00,AALR3,1621269473155378,9.87,9.85,9.84,9.89,9.9,9.91,1600,1800,300,1200,1200,1500,9.88
89,129,BRAALRACNOR6BR00,AALR3,1621269473155420,9.87,9.86,9.85,9.89,9.9,9.91,1600,600,1800,1200,1200,1500,9.88
90,129,BRAALRACNOR6BR00,AALR3,1621269473156771,9.87,9.86,9.85,9.89,9.9,9.91,1600,600,1800,100,2400,1500,9.89
91,129,BRAALRACNOR6BR00,AALR3,1621269473157711,9.87,9.86,9.85,9.9,9.91,9.92,1600,600,1800,2400,1500,1500,9.89
92,129,BRAALRACNOR6BR00,AALR3,1621269473157860,9.87,9.86,9.85,9.9,9.91,9.92,1600,600,1800,2400,1500,1500,9.89
93,129,BRAALRACNOR6BR00,AALR3,1621269473158540,9.87,9.86,9.85,9.9,9.91,9.92,1600,600,1800,2400,1200,1500,9.89
94,129,BRAALRACNOR6BR00,AALR3,1621269473159581,9.87,9.85,9.84,9.9,9.91,9.92,1600,2400,300,700,1200,1500,9.89
95,129,BRAALRACNOR6BR00,AALR3,1621269473163051,9.88,9.87,9.85,9.9,9.91,9.92,600,1600,2400,100,1200,1500,9.89
96,129,BRAALRACNOR6BR00,AALR3,1621269473164330,9.88,9.87,9.86,9.91,9.92,9.93,1700,1600,600,1300,1500,1800,9.89
97,129,BRAALRACNOR6BR00,AALR3,1621269473166489,9.89,9.87,9.86,9.9,9.91,9.92,900,1500,600,600,1600,1500,9.87
98,129,BRAALRACNOR6BR00,AALR3,1621269473166507,9.89,9.87,9.86,9.9,9.91,9.92,900,1500,600,600,1600,1500,9.87
99,129,BRAALRACNOR6BR00,AALR3,1621269488578960,9.87,9.86,9.85,9.89,9.9,9.91,300,400,1800,300,2400,1900,9.89
100,129,BRAALRACNOR6BR00,AALR3,1621269488580494,9.88,9.87,9.86,9.89,9.9,9.91,300,300,300,1000,3000,1800,9.89
101,129,BRAALRACNOR6BR00,AALR3,1621269512569918,9.88,9.87,9.86,9.89,9.9,9.91,400,300,800,700,3300,1800,9.89
102,129,BRAALRACNOR6BR00,AALR3,1621269512570595,9.88,9.87,9.86,9.89,9.9,9.91,400,300,800,700,2700,1800,9.89
103,129,BRAALRACNOR6BR00,AALR3,1621269512571944,9.89,9.88,9.87,9.9,9.91,9.92,200,400,300,2100,1500,1900,9.89
104,129,BRAALRACNOR6BR00,AALR3,1621269512572103,9.89,9.88,9.87,9.9,9.91,9.92,200,400,300,2100,1500,1900,9.89
105,132,BRABCBACNPR4BR00,ABCB4,1621269334005533,16.1,16.09,16.08,16.12,16.13,16.14,600,1800,1200,400,200,2400,16.1
106,132,BRABCBACNPR4BR00,ABCB4,1621269334005552,16.1,16.09,16.08,16.12,16.13,16.14,600,1800,1200,400,200,2400,16.1
107,132,BRABCBACNPR4BR00,ABCB4,1621269334023853,16.1,16.09,16.08,16.12,16.13,16.14,600,1800,1200,500,200,2400,16.1
108,132,BRABCBACNPR4BR00,ABCB4,1621269334023874,16.1,16.09,16.08,16.12,16.13,16.14,600,1800,1200,500,200,2400,16.1
109,132,BRABCBACNPR4BR00,ABCB4,1621269335911629,16.1,16.09,16.08,16.12,16.13,16.14,600,1800,1200,300,200,2400,16.12
110,132,BRABCBACNPR4BR00,ABCB4,1621269335913579,16.1,16.09,16.08,16.12,16.13,16.14,2100,300,1200,600,200,2400,16.12
111,132,BRABCBACNPR4BR00,ABCB4,1621269380640154,16.1,16.09,16.08,16.12,16.13,16.14,3300,400,1700,100,200,2400,16.12
112,132,BRABCBACNPR4BR00,ABCB4,1621269380641389,16.1,16.09,16.08,16.13,16.14,16.15,3300,400,1700,300,2400,1200,16.12
113,132,BRABCBACNPR4BR00,ABCB4,1621269380643076,16.1,16.09,16.08,16.12,16.13,16.14,3300,300,1700,300,800,2400,16.12
114,132,BRABCBACNPR4BR00,ABCB4,1621269380644636,16.1,16.09,16.08,16.12,16.13,16.14,3300,300,1700,800,700,2400,16.12
115,132,BRABCBACNPR4BR00,ABCB4,1621269411395915,16.1,16.09,16.08,16.12,16.13,16.14,3300,300,1500,300,400,2500,16.12
116,132,BRABCBACNPR4BR00,ABCB4,1621269411438705,16.1,16.09,16.08,16.12,16.13,16.14,3300,300,1500,400,400,2500,16.12
117,132,BRABCBACNPR4BR00,ABCB4,1621269411438736,16.1,16.09,16.08,16.12,16.13,16.14,3300,300,1500,400,400,2500,16.12
118,132,BRABCBACNPR4BR00,ABCB4,1621269412568224,16.1,16.09,16.08,16.12,16.13,16.14,3300,300,1600,400,400,2500,16.12
119,132,BRABCBACNPR4BR00,ABCB4,1621269412568251,16.1,16.09,16.08,16.12,16.13,16.14,3300,300,1600,400,400,2500,16.12
120,132,BRABCBACNPR4BR00,ABCB4,1621269413492123,16.1,16.09,16.08,16.12,16.13,16.14,3300,300,1600,200,400,2500,16.12
121,132,BRABCBACNPR4BR00,ABCB4,1621269413492150,16.1,16.09,16.08,16.12,16.13,16.14,3300,300,1600,200,400,2500,16.12
122,132,BRABCBACNPR4BR00,ABCB4,1621269413495259,16.1,16.09,16.08,16.12,16.13,16.14,3800,300,1600,200,400,2500,16.12
123,132,BRABCBACNPR4BR00,ABCB4,1621269413495295,16.1,16.09,16.08,16.12,16.13,16.14,3800,300,1600,200,400,2500,16.12
124,132,BRABCBACNPR4BR00,ABCB4,1621269413496721,16.1,16.09,16.08,16.12,16.13,16.14,3800,400,1500,200,400,2500,16.12
125,132,BRABCBACNPR4BR00,ABCB4,1621269413498235,16.1,16.09,16.08,16.12,16.13,16.14,3800,400,1500,300,400,2500,16.12
126,132,BRABCBACNPR4BR00,ABCB4,1621269450709765,16.11,16.1,16.09,16.12,16.13,16.14,2300,1900,400,200,400,900,16.12
127,132,BRABCBACNPR4BR00,ABCB4,1621269450710199,16.11,16.1,16.09,16.12,16.13,16.14,2300,1900,500,200,400,900,16.12
128,132,BRABCBACNPR4BR00,ABCB4,1621269450711585,16.11,16.1,16.09,16.12,16.13,16.14,2300,1900,700,100,100,900,16.12
129,132,BRABCBACNPR4BR00,ABCB4,1621269450711668,16.11,16.1,16.09,16.12,16.13,16.14,2300,1900,700,100,100,800,16.12
130,132,BRABCBACNPR4BR00,ABCB4,1621269450712310,16.11,16.1,16.09,16.13,16.14,16.15,2300,2000,600,100,800,1600,16.12
131,132,BRABCBACNPR4BR00,ABCB4,1621269450712373,16.11,16.1,16.09,16.13,16.14,16.15,2300,2000,600,100,700,1600,16.12
132,132,BRABCBACNPR4BR00,ABCB4,1621269450713657,16.12,16.11,16.1,16.13,16.14,16.15,200,2300,2000,200,400,1600,16.12
133,132,BRABCBACNPR4BR00,ABCB4,1621269450828677,16.12,16.11,16.1,16.13,16.14,16.15,400,2300,2000,100,400,1600,16.12
134,132,BRABCBACNPR4BR00,ABCB4,1621269450828704,16.12,16.11,16.1,16.13,16.14,16.15,400,2300,2000,100,400,1600,16.12
135,132,BRABCBACNPR4BR00,ABCB4,1621269451284697,16.12,16.11,16.1,16.14,16.15,16.16,1700,900,2000,400,1600,2200,16.13
136,132,BRABCBACNPR4BR00,ABCB4,1621269451285177,16.12,16.11,16.1,16.14,16.15,16.16,1700,900,2000,400,1500,2200,16.13
137,132,BRABCBACNPR4BR00,ABCB4,1621269451285200,16.12,16.11,16.1,16.14,16.15,16.16,1700,900,2000,400,1500,2200,16.13
138,132,BRABCBACNPR4BR00,ABCB4,1621269451285243,16.12,16.11,16.1,16.14,16.15,16.16,1700,900,2000,400,1500,2200,16.13
139,132,BRABCBACNPR4BR00,ABCB4,1621269451285263,16.12,16.11,16.1,16.14,16.15,16.16,1700,900,2000,400,1500,2200,16.13
140,132,BRABCBACNPR4BR00,ABCB4,1621269451285475,16.12,16.11,16.1,16.14,16.15,16.16,1700,900,2000,400,900,2200,16.13
141,132,BRABCBACNPR4BR00,ABCB4,1621269451285516,16.12,16.11,16.1,16.14,16.15,16.16,1700,1000,1900,400,900,2200,16.13
142,132,BRABCBACNPR4BR00,ABCB4,1621269451285561,16.12,16.11,16.1,16.14,16.15,16.16,1700,1000,2000,400,900,2200,16.13
143,132,BRABCBACNPR4BR00,ABCB4,1621269451285577,16.12,16.11,16.1,16.14,16.15,16.16,1700,1000,2000,400,900,2200,16.13
144,132,BRABCBACNPR4BR00,ABCB4,1621269451285803,16.12,16.11,16.1,16.14,16.15,16.16,1700,1000,2000,400,900,2800,16.13
145,132,BRABCBACNPR4BR00,ABCB4,1621269451285821,16.12,16.11,16.1,16.14,16.15,16.16,1700,1000,2000,400,900,2800,16.13
146,132,BRABCBACNPR4BR00,ABCB4,1621269451286222,16.12,16.11,16.1,16.14,16.15,16.16,1700,1000,2000,400,800,2800,16.13
147,132,BRABCBACNPR4BR00,ABCB4,1621269451286240,16.12,16.11,16.1,16.14,16.15,16.16,1700,1000,2000,400,800,2800,16.13
148,132,BRABCBACNPR4BR00,ABCB4,1621269451286341,16.12,16.11,16.1,16.14,16.15,16.16,1700,1800,2000,400,800,2800,16.13
149,132,BRABCBACNPR4BR00,ABCB4,1621269451286358,16.12,16.11,16.1,16.14,16.15,16.16,1700,1800,2000,400,800,2800,16.13
150,132,BRABCBACNPR4BR00,ABCB4,1621269451286512,16.13,16.12,16.11,16.14,16.15,16.16,200,1700,1800,400,800,2800,16.13
151,132,BRABCBACNPR4BR00,ABCB4,1621269451286530,16.13,16.12,16.11,16.14,16.15,16.16,200,1700,1800,400,800,2800,16.13
152,132,BRABCBACNPR4BR00,ABCB4,1621269451287716,16.13,16.12,16.11,16.14,16.15,16.16,200,1700,1800,400,800,2800,16.13
153,132,BRABCBACNPR4BR00,ABCB4,1621269451287735,16.13,16.12,16.11,16.14,16.15,16.16,200,1700,1800,400,800,2800,16.13
154,132,BRABCBACNPR4BR00,ABCB4,1621269451302882,16.13,16.12,16.11,16.14,16.15,16.16,200,1700,1800,400,800,2800,16.13
155,132,BRABCBACNPR4BR00,ABCB4,1621269451302901,16.13,16.12,16.11,16.14,16.15,16.16,200,1700,1800,400,800,2800,16.13
156,132,BRABCBACNPR4BR00,ABCB4,1621269451303084,16.13,16.12,16.11,16.14,16.15,16.16,400,1700,1800,400,800,2800,16.13
157,132,BRABCBACNPR4BR00,ABCB4,1621269451303102,16.13,16.12,16.11,16.14,16.15,16.16,400,1700,1800,400,800,2800,16.13
158,132,BRABCBACNPR4BR00,ABCB4,1621269451303779,16.13,16.12,16.11,16.14,16.15,16.16,400,1700,1800,200,800,2800,16.13
159,132,BRABCBACNPR4BR00,ABCB4,1621269451303798,16.13,16.12,16.11,16.14,16.15,16.16,400,1700,1800,200,800,2800,16.13
160,132,BRABCBACNPR4BR00,ABCB4,1621269451304382,16.13,16.12,16.11,16.14,16.15,16.16,400,1700,1800,200,600,2800,16.13
161,132,BRABCBACNPR4BR00,ABCB4,1621269451304400,16.13,16.12,16.11,16.14,16.15,16.16,400,1700,1800,200,600,2800,16.13
162,132,BRABCBACNPR4BR00,ABCB4,1621269451404180,16.13,16.12,16.11,16.14,16.15,16.16,400,1700,1800,100,600,2800,16.13
163,132,BRABCBACNPR4BR00,ABCB4,1621269451405343,16.13,16.12,16.11,16.14,16.15,16.16,400,1700,1800,200,600,2800,16.13
164,132,BRABCBACNPR4BR00,ABCB4,1621269451580958,16.13,16.12,16.11,16.14,16.15,16.16,1700,400,1800,100,600,2800,16.14
165,132,BRABCBACNPR4BR00,ABCB4,1621269451580989,16.13,16.12,16.11,16.14,16.15,16.16,1700,400,1800,100,600,2800,16.14
166,132,BRABCBACNPR4BR00,ABCB4,1621269457684562,16.13,16.12,16.11,16.14,16.15,16.16,1700,400,1800,200,600,2800,16.14
167,132,BRABCBACNPR4BR00,ABCB4,1621269457707427,16.13,16.12,16.11,16.14,16.15,16.16,1700,400,1800,200,600,2400,16.14
168,132,BRABCBACNPR4BR00,ABCB4,1621269457708719,16.13,16.12,16.11,16.14,16.15,16.16,1700,400,1800,100,600,2400,16.14
169,132,BRABCBACNPR4BR00,ABCB4,1621269457716725,16.13,16.12,16.11,16.14,16.15,16.16,1700,400,1800,100,600,2400,16.14
170,132,BRABCBACNPR4BR00,ABCB4,1621269457717911,16.13,16.12,16.11,16.15,16.16,16.17,1700,400,1800,700,2400,400,16.14
171,132,BRABCBACNPR4BR00,ABCB4,1621269457718579,16.13,16.12,16.11,16.14,16.15,16.16,1700,400,1800,200,700,2400,16.14
172,132,BRABCBACNPR4BR00,ABCB4,1621269457719706,16.13,16.12,16.11,16.14,16.15,16.16,1700,400,1800,300,600,2400,16.14
173,132,BRABCBACNPR4BR00,ABCB4,1621269478097193,16.12,16.11,16.1,16.13,16.14,16.15,200,900,2200,200,300,300,16.13
174,132,BRABCBACNPR4BR00,ABCB4,1621269478098675,16.12,16.11,16.1,16.13,16.14,16.15,200,900,2400,300,200,400,16.13
175,132,BRABCBACNPR4BR00,ABCB4,1621269586953890,16.11,16.1,16.09,16.12,16.13,16.14,700,1900,1200,200,700,100,16.12
176,132,BRABCBACNPR4BR00,ABCB4,1621269586955332,16.11,16.1,16.09,16.12,16.13,16.14,700,1900,1300,300,600,200,16.12
177,132,BRABCBACNPR4BR00,ABCB4,1621269587545572,16.1,16.09,16.08,16.11,16.12,16.13,1900,1200,1200,200,300,600,16.11
178,132,BRABCBACNPR4BR00,ABCB4,1621269587547469,16.1,16.09,16.08,16.11,16.12,16.13,1700,100,1900,300,200,600,16.11
179,132,BRABCBACNPR4BR00,ABCB4,1621269588693934,16.1,16.09,16.08,16.12,16.13,16.14,1600,100,1200,200,400,700,16.11
180,132,BRABCBACNPR4BR00,ABCB4,1621269588694084,16.1,16.09,16.08,16.12,16.13,16.14,1600,100,1200,200,400,700,16.11
181,132,BRABCBACNPR4BR00,ABCB4,1621269588694702,16.1,16.09,16.08,16.12,16.13,16.14,1600,100,1200,200,400,700,16.11
182,132,BRABCBACNPR4BR00,ABCB4,1621269588696048,16.1,16.09,16.08,16.12,16.13,16.14,1600,100,1500,300,500,700,16.11
183,132,BRABCBACNPR4BR00,ABCB4,1621269589672568,16.1,16.09,16.08,16.11,16.12,16.13,200,1600,1500,200,300,500,16.11
184,132,BRABCBACNPR4BR00,ABCB4,1621269589673813,16.1,16.09,16.08,16.11,16.12,16.13,400,1600,1500,300,200,500,16.11
185,132,BRABCBACNPR4BR00,ABCB4,1621269590030160,16.1,16.09,16.08,16.11,16.12,16.13,1700,100,1500,100,300,500,16.11
186,132,BRABCBACNPR4BR00,ABCB4,1621269590031404,16.1,16.09,16.08,16.12,16.13,16.14,1700,100,1500,400,500,700,16.11
187,132,BRABCBACNPR4BR00,ABCB4,1621269590074462,16.1,16.09,16.08,16.11,16.12,16.13,1700,100,1500,100,300,500,16.11
188,132,BRABCBACNPR4BR00,ABCB4,1621269590075651,16.1,16.09,16.08,16.11,16.12,16.13,1700,100,1500,200,200,500,16.11
189,132,BRABCBACNPR4BR00,ABCB4,1621269598528691,16.1,16.09,16.08,16.11,16.12,16.13,700,100,1500,200,200,500,16.11
190,132,BRABCBACNPR4BR00,ABCB4,1621269598529433,16.1,16.09,16.08,16.11,16.12,16.13,900,100,1500,200,200,500,16.11
191,132,BRABCBACNPR4BR00,ABCB4,1621269598530541,16.1,16.09,16.08,16.11,16.12,16.13,900,100,1500,100,200,500,16.11
192,132,BRABCBACNPR4BR00,ABCB4,1621269622822794,16.1,16.09,16.08,16.12,16.13,16.14,2200,100,1500,200,300,1300,16.11
193,132,BRABCBACNPR4BR00,ABCB4,1621269622822902,16.1,16.09,16.08,16.12,16.13,16.14,2200,100,1500,200,300,1300,16.11
194,132,BRABCBACNPR4BR00,ABCB4,1621269622823767,16.11,16.1,16.09,16.12,16.13,16.14,200,2200,100,200,300,1300,16.11
195,132,BRABCBACNPR4BR00,ABCB4,1621269622824902,16.11,16.1,16.09,16.12,16.13,16.14,200,2200,200,300,200,1300,16.11
196,132,BRABCBACNPR4BR00,ABCB4,1621269629502338,16.11,16.1,16.09,16.12,16.13,16.14,800,1600,300,100,200,1300,16.11
197,132,BRABCBACNPR4BR00,ABCB4,1621269629503626,16.11,16.1,16.09,16.13,16.14,16.15,800,1600,300,300,1300,600,16.11
198,132,BRABCBACNPR4BR00,ABCB4,1621269638049230,16.11,16.1,16.09,16.12,16.13,16.14,800,1700,600,200,400,100,16.11
199,132,BRABCBACNPR4BR00,ABCB4,1621269638050476,16.11,16.1,16.09,16.12,16.13,16.14,800,1700,600,300,300,200,16.11
200,132,BRABCBACNPR4BR00,ABCB4,1621269907122989,16.1,16.09,16.08,16.11,16.12,16.13,1500,400,2400,200,400,300,16.11
201,132,BRABCBACNPR4BR00,ABCB4,1621269907124274,16.1,16.09,16.08,16.11,16.12,16.13,1500,100,2200,300,300,400,16.11
202,132,BRABCBACNPR4BR00,ABCB4,1621269907229223,16.08,16.07,16.06,16.11,16.12,16.13,2100,1500,500,400,200,400,16.1
203,132,BRABCBACNPR4BR00,ABCB4,1621269907230471,16.08,16.07,16.06,16.1,16.11,16.12,1300,1400,400,300,300,300,16.1
204,132,BRABCBACNPR4BR00,ABCB4,1621269907230529,16.08,16.07,16.06,16.09,16.1,16.11,1300,1400,400,200,300,300,16.1
205,132,BRABCBACNPR4BR00,ABCB4,1621269907231671,16.08,16.07,16.06,16.09,16.1,16.11,1300,1400,300,300,200,300,16.1
206,132,BRABCBACNPR4BR00,ABCB4,1621269908717233,16.08,16.07,16.06,16.09,16.1,16.11,1000,700,900,100,200,200,16.09
207,132,BRABCBACNPR4BR00,ABCB4,1621269908717394,16.08,16.07,16.06,16.09,16.1,16.11,1000,700,900,100,200,200,16.09
208,132,BRABCBACNPR4BR00,ABCB4,1621269908718215,16.08,16.07,16.06,16.09,16.1,16.11,1000,700,1000,100,200,200,16.09
209,132,BRABCBACNPR4BR00,ABCB4,1621269908721820,16.08,16.07,16.06,16.09,16.1,16.11,1000,700,1000,200,200,200,16.09
210,132,BRABCBACNPR4BR00,ABCB4,1621269915668777,16.08,16.07,16.06,16.1,16.11,16.12,1000,700,1100,200,200,800,16.09
211,132,BRABCBACNPR4BR00,ABCB4,1621269915668957,16.08,16.07,16.06,16.1,16.11,16.12,1000,700,1100,200,200,800,16.09
212,138,BRABEVACNOR1BR00,ABEV3,1621269334683593,17.46,17.45,17.44,17.47,17.48,17.49,12500,23000,37400,1800,17400,34200,17.46
213,138,BRABEVACNOR1BR00,ABEV3,1621269334683622,17.46,17.45,17.44,17.47,17.48,17.49,12500,23000,37400,1800,17400,34200,17.46
214,138,BRABEVACNOR1BR00,ABEV3,1621269334686827,17.46,17.45,17.44,17.47,17.48,17.49,12500,23000,37400,1700,17400,34200,17.47
215,138,BRABEVACNOR1BR00,ABEV3,1621269334686845,17.46,17.45,17.44,17.47,17.48,17.49,12500,23000,37400,1700,17400,34200,17.47
216,138,BRABEVACNOR1BR00,ABEV3,1621269334950676,17.46,17.45,17.44,17.47,17.48,17.49,12200,23000,37400,1700,17400,34200,17.46
217,138,BRABEVACNOR1BR00,ABEV3,1621269334950693,17.46,17.45,17.44,17.47,17.48,17.49,12200,23000,37400,1700,17400,34200,17.46
218,138,BRABEVACNOR1BR00,ABEV3,1621269335604319,17.46,17.45,17.44,17.47,17.48,17.49,12300,23000,37400,1700,17400,34200,17.46
219,138,BRABEVACNOR1BR00,ABEV3,1621269335605534,17.46,17.45,17.44,17.47,17.48,17.49,12400,23000,37400,1700,17400,34200,17.46
220,138,BRABEVACNOR1BR00,ABEV3,1621269344102372,17.45,17.44,17.43,17.47,17.48,17.49,20500,37400,25800,13400,19500,36300,17.46
221,138,BRABEVACNOR1BR00,ABEV3,1621269344102649,17.45,17.44,17.43,17.47,17.48,17.49,20500,30500,25800,13400,19500,36300,17.46
222,138,BRABEVACNOR1BR00,ABEV3,1621269344102695,17.45,17.44,17.43,17.47,17.48,17.49,20500,30500,25800,13400,19500,36300,17.46
223,138,BRABEVACNOR1BR00,ABEV3,1621269344105610,17.45,17.44,17.43,17.46,17.47,17.48,19000,28400,28800,9600,13400,23000,17.46
224,138,BRABEVACNOR1BR00,ABEV3,1621269350541375,17.45,17.44,17.43,17.46,17.47,17.48,3100,26200,33100,9800,15800,37800,17.45
225,138,BRABEVACNOR1BR00,ABEV3,1621269350542166,17.45,17.44,17.43,17.46,17.47,17.48,3100,25400,33100,9800,15800,37800,17.45
226,138,BRABEVACNOR1BR00,ABEV3,1621269350542221,17.45,17.44,17.43,17.46,17.47,17.48,3100,25400,30100,9800,15800,37800,17.45
227,138,BRABEVACNOR1BR00,ABEV3,1621269350542539,17.45,17.44,17.43,17.46,17.47,17.48,3100,25400,26700,9800,15800,37800,17.45
228,138,BRABEVACNOR1BR00,ABEV3,1621269350542563,17.45,17.44,17.43,17.46,17.47,17.48,3100,25400,26700,9800,15800,37800,17.45
229,138,BRABEVACNOR1BR00,ABEV3,1621269350543425,17.45,17.44,17.43,17.46,17.47,17.48,3100,25400,26700,9800,19000,34500,17.45
230,138,BRABEVACNOR1BR00,ABEV3,1621269350543446,17.45,17.44,17.43,17.46,17.47,17.48,3100,25400,26700,9800,19000,34500,17.45
231,138,BRABEVACNOR1BR00,ABEV3,1621269350543541,17.45,17.44,17.43,17.46,17.47,17.48,3100,25400,26700,10500,19000,34500,17.45
232,138,BRABEVACNOR1BR00,ABEV3,1621269350543560,17.45,17.44,17.43,17.46,17.47,17.48,3100,25400,26700,10500,19000,34500,17.45
233,138,BRABEVACNOR1BR00,ABEV3,1621269350543655,17.45,17.44,17.43,17.46,17.47,17.48,3100,25400,26700,11500,19000,34500,17.45
234,138,BRABEVACNOR1BR00,ABEV3,1621269350543674,17.45,17.44,17.43,17.46,17.47,17.48,3100,25400,26700,11500,19000,34500,17.45
235,138,BRABEVACNOR1BR00,ABEV3,1621269350544813,17.45,17.44,17.43,17.46,17.47,17.48,3100,25400,26700,11500,19000,34500,17.45
236,138,BRABEVACNOR1BR00,ABEV3,1621269350544832,17.45,17.44,17.43,17.46,17.47,17.48,3100,25400,26700,11500,19000,34500,17.45
237,138,BRABEVACNOR1BR00,ABEV3,1621269350545735,17.45,17.44,17.43,17.46,17.47,17.48,4400,25400,26700,11500,19000,34500,17.45
238,138,BRABEVACNOR1BR00,ABEV3,1621269350545755,17.45,17.44,17.43,17.46,17.47,17.48,4400,25400,26700,11500,19000,34500,17.45
239,138,BRABEVACNOR1BR00,ABEV3,1621269350584821,17.45,17.44,17.43,17.46,17.47,17.48,3900,25400,26700,11500,19000,34500,17.45
240,138,BRABEVACNOR1BR00,ABEV3,1621269350584841,17.45,17.44,17.43,17.46,17.47,17.48,3900,25400,26700,11500,19000,34500,17.45
241,138,BRABEVACNOR1BR00,ABEV3,1621269350612975,17.45,17.44,17.43,17.46,17.47,17.48,3600,25400,26700,11500,19000,34500,17.45
242,138,BRABEVACNOR1BR00,ABEV3,1621269350614175,17.45,17.44,17.43,17.46,17.47,17.48,3700,25400,26700,11500,19000,34500,17.45
243,138,BRABEVACNOR1BR00,ABEV3,1621269351564422,17.45,17.44,17.43,17.46,17.47,17.48,7300,25400,32600,9500,19100,34500,17.45
244,138,BRABEVACNOR1BR00,ABEV3,1621269351565066,17.45,17.44,17.43,17.46,17.47,17.48,1600,25400,32600,9500,19100,34500,17.45
245,138,BRABEVACNOR1BR00,ABEV3,1621269351566241,17.45,17.44,17.43,17.46,17.47,17.48,1700,25400,32600,9500,19100,34500,17.45
246,138,BRABEVACNOR1BR00,ABEV3,1621269357073717,17.45,17.44,17.43,17.46,17.47,17.48,4000,25400,32600,17600,28800,38900,17.45
247,544,BRALPAACNPR7BR00,ALPA4,1621269335977668,46.63,46.62,46.61,46.65,46.66,46.67,2000,300,300,2900,200,200,46.65
248,544,BRALPAACNPR7BR00,ALPA4,1621269335977689,46.63,46.62,46.61,46.65,46.66,46.67,2000,300,300,2900,200,200,46.65
249,544,BRALPAACNPR7BR00,ALPA4,1621269336443371,46.63,46.62,46.61,46.65,46.66,46.67,1800,300,300,2900,200,200,46.63
250,544,BRALPAACNPR7BR00,ALPA4,1621269336443402,46.63,46.62,46.61,46.65,46.66,46.67,1800,300,300,2900,200,200,46.63
251,544,BRALPAACNPR7BR00,ALPA4,1621269336481221,46.63,46.62,46.61,46.65,46.66,46.67,1800,300,300,3000,200,200,46.63
252,544,BRALPAACNPR7BR00,ALPA4,1621269336481238,46.63,46.62,46.61,46.65,46.66,46.67,1800,300,300,3000,200,200,46.63
253,544,BRALPAACNPR7BR00,ALPA4,1621269336561552,46.62,46.61,46.6,46.65,46.66,46.67,300,300,300,3000,200,200,46.63
254,544,BRALPAACNPR7BR00,ALPA4,1621269336561574,46.62,46.61,46.6,46.65,46.66,46.67,300,300,300,3000,200,200,46.63
255,544,BRALPAACNPR7BR00,ALPA4,1621269336562485,46.62,46.61,46.6,46.65,46.66,46.67,300,300,300,3000,200,200,46.63
256,544,BRALPAACNPR7BR00,ALPA4,1621269336562509,46.62,46.61,46.6,46.65,46.66,46.67,300,300,300,3000,200,200,46.63
257,544,BRALPAACNPR7BR00,ALPA4,1621269336562558,46.62,46.61,46.6,46.65,46.66,46.67,300,300,200,3000,200,200,46.63
258,544,BRALPAACNPR7BR00,ALPA4,1621269336562578,46.62,46.61,46.6,46.65,46.66,46.67,300,300,200,3000,200,200,46.63
259,544,BRALPAACNPR7BR00,ALPA4,1621269336562681,46.61,46.6,46.59,46.65,46.66,46.67,300,200,300,3000,200,200,46.62
260,544,BRALPAACNPR7BR00,ALPA4,1621269336562700,46.61,46.6,46.59,46.65,46.66,46.67,300,200,300,3000,200,200,46.62
261,544,BRALPAACNPR7BR00,ALPA4,1621269336562844,46.61,46.6,46.59,46.64,46.65,46.66,300,200,300,300,3000,200,46.62
262,544,BRALPAACNPR7BR00,ALPA4,1621269336562864,46.61,46.6,46.59,46.64,46.65,46.66,300,200,300,300,3000,200,46.62
263,544,BRALPAACNPR7BR00,ALPA4,1621269336563223,46.61,46.6,46.59,46.64,46.65,46.66,300,200,300,300,3000,200,46.62
264,544,BRALPAACNPR7BR00,ALPA4,1621269336563242,46.61,46.6,46.59,46.64,46.65,46.66,300,200,300,300,3000,200,46.62
265,544,BRALPAACNPR7BR00,ALPA4,1621269336563438,46.6,46.59,46.58,46.64,46.65,46.66,200,300,200,300,3000,200,46.61
266,544,BRALPAACNPR7BR00,ALPA4,1621269336563473,46.6,46.59,46.58,46.64,46.65,46.66,200,300,200,300,3000,200,46.61
267,544,BRALPAACNPR7BR00,ALPA4,1621269336563509,46.6,46.59,46.58,46.64,46.65,46.66,200,200,200,300,3000,200,46.61
268,544,BRALPAACNPR7BR00,ALPA4,1621269336563528,46.6,46.58,46.56,46.64,46.65,46.66,200,200,1600,300,3000,200,46.61
269,544,BRALPAACNPR7BR00,ALPA4,1621269336563682,46.6,46.58,46.56,46.64,46.65,46.66,200,200,1600,300,3000,200,46.61
270,544,BRALPAACNPR7BR00,ALPA4,1621269336563700,46.6,46.58,46.56,46.64,46.65,46.66,200,200,1600,300,3000,200,46.61
271,544,BRALPAACNPR7BR00,ALPA4,1621269336563898,46.58,46.56,46.55,46.64,46.65,46.66,200,1600,800,300,3000,200,46.6
272,544,BRALPAACNPR7BR00,ALPA4,1621269336563911,46.58,46.56,46.55,46.64,46.65,46.66,200,1600,800,300,3000,200,46.6
273,544,BRALPAACNPR7BR00,ALPA4,1621269336563966,46.58,46.56,46.55,46.64,46.65,46.66,200,1600,800,500,3000,200,46.6
274,544,BRALPAACNPR7BR00,ALPA4,1621269336564006,46.58,46.56,46.55,46.64,46.65,46.66,200,1600,800,500,3000,200,46.6
275,544,BRALPAACNPR7BR00,ALPA4,1621269336564048,46.58,46.56,46.55,46.64,46.65,46.66,200,1600,800,600,2900,200,46.6
276,544,BRALPAACNPR7BR00,ALPA4,1621269336564076,46.58,46.56,46.55,46.64,46.65,46.66,200,1600,800,600,2900,200,46.6
277,544,BRALPAACNPR7BR00,ALPA4,1621269336564115,46.58,46.56,46.55,46.64,46.65,46.66,200,1600,800,600,2900,200,46.6
278,544,BRALPAACNPR7BR00,ALPA4,1621269336564140,46.58,46.56,46.55,46.64,46.65,46.66,200,1600,800,600,2900,200,46.6
279,544,BRALPAACNPR7BR00,ALPA4,1621269336564164,46.58,46.56,46.55,46.64,46.65,46.66,200,1600,800,700,2900,200,46.6
280,544,BRALPAACNPR7BR00,ALPA4,1621269336564187,46.58,46.56,46.55,46.64,46.65,46.66,200,1500,800,700,2900,200,46.6
281,544,BRALPAACNPR7BR00,ALPA4,1621269336564479,46.58,46.56,46.55,46.64,46.65,46.66,200,1500,800,900,2900,200,46.6
282,544,BRALPAACNPR7BR00,ALPA4,1621269336564498,46.58,46.56,46.55,46.64,46.65,46.66,200,1500,800,900,2900,200,46.6
283,544,BRALPAACNPR7BR00,ALPA4,1621269336564633,46.58,46.57,46.56,46.64,46.65,46.66,200,100,1500,900,2900,200,46.6
284,544,BRALPAACNPR7BR00,ALPA4,1621269336564667,46.58,46.57,46.56,46.64,46.65,46.66,200,100,1500,900,2900,200,46.6
285,544,BRALPAACNPR7BR00,ALPA4,1621269336564680,46.58,46.57,46.56,46.64,46.65,46.66,200,100,1400,900,2900,200,46.6
286,544,BRALPAACNPR7BR00,ALPA4,1621269336564700,46.58,46.57,46.56,46.64,46.65,46.66,200,100,1400,900,2900,200,46.6
287,544,BRALPAACNPR7BR00,ALPA4,1621269336564746,46.58,46.57,46.56,46.64,46.65,46.66,200,100,1600,900,2900,200,46.6
288,544,BRALPAACNPR7BR00,ALPA4,1621269336564779,46.58,46.57,46.56,46.64,46.65,46.66,200,100,1600,900,2900,200,46.6
289,544,BRALPAACNPR7BR00,ALPA4,1621269336564894,46.58,46.57,46.56,46.64,46.65,46.66,200,100,1600,900,2900,200,46.6
290,544,BRALPAACNPR7BR00,ALPA4,1621269336564939,46.58,46.57,46.56,46.64,46.65,46.66,200,400,1600,900,2900,200,46.6
291,544,BRALPAACNPR7BR00,ALPA4,1621269336565043,46.58,46.57,46.56,46.64,46.65,46.66,200,400,600,900,2900,200,46.6
292,544,BRALPAACNPR7BR00,ALPA4,1621269336565064,46.58,46.57,46.56,46.64,46.65,46.66,200,400,600,900,2900,200,46.6
293,544,BRALPAACNPR7BR00,ALPA4,1621269336565126,46.58,46.57,46.56,46.63,46.64,46.65,200,400,600,300,900,2900,46.6
294,544,BRALPAACNPR7BR00,ALPA4,1621269336565150,46.58,46.57,46.56,46.63,46.64,46.65,200,400,600,300,900,2900,46.6
295,544,BRALPAACNPR7BR00,ALPA4,1621269336565375,46.58,46.57,46.56,46.63,46.64,46.65,200,400,400,300,900,2900,46.6
296,544,BRALPAACNPR7BR00,ALPA4,1621269336565392,46.58,46.57,46.56,46.63,46.64,46.65,200,400,400,300,900,2900,46.6
297,544,BRALPAACNPR7BR00,ALPA4,1621269336565676,46.58,46.57,46.56,46.63,46.64,46.65,200,400,400,500,700,2900,46.6
298,544,BRALPAACNPR7BR00,ALPA4,1621269336565693,46.58,46.57,46.56,46.63,46.64,46.65,200,400,400,500,700,2900,46.6
299,544,BRALPAACNPR7BR00,ALPA4,1621269336565819,46.58,46.57,46.56,46.63,46.64,46.65,200,400,300,500,700,2900,46.6
300,544,BRALPAACNPR7BR00,ALPA4,1621269336565840,46.58,46.57,46.56,46.63,46.64,46.65,200,400,300,500,700,2900,46.6
301,544,BRALPAACNPR7BR00,ALPA4,1621269336566160,46.58,46.57,46.56,46.63,46.64,46.65,200,400,300,600,600,2900,46.6
302,544,BRALPAACNPR7BR00,ALPA4,1621269336566177,46.58,46.57,46.56,46.63,46.64,46.65,200,400,300,600,600,2900,46.6
303,544,BRALPAACNPR7BR00,ALPA4,1621269336566312,46.58,46.57,46.56,46.63,46.64,46.65,200,400,300,700,600,2900,46.6
304,544,BRALPAACNPR7BR00,ALPA4,1621269336566342,46.58,46.57,46.56,46.63,46.64,46.65,200,400,300,700,600,2900,46.6
305,544,BRALPAACNPR7BR00,ALPA4,1621269336566887,46.58,46.57,46.56,46.63,46.64,46.65,200,400,300,700,300,2900,46.6
306,544,BRALPAACNPR7BR00,ALPA4,1621269336566909,46.58,46.57,46.56,46.63,46.64,46.65,200,400,300,700,300,2900,46.6
307,544,BRALPAACNPR7BR00,ALPA4,1621269336567166,46.58,46.57,46.56,46.62,46.63,46.64,200,400,300,300,700,300,46.6
308,544,BRALPAACNPR7BR00,ALPA4,1621269336567185,46.58,46.57,46.56,46.62,46.63,46.64,200,400,300,300,700,300,46.6
309,544,BRALPAACNPR7BR00,ALPA4,1621269336567408,46.58,46.57,46.56,46.62,46.63,46.64,200,400,300,200,700,300,46.62
310,544,BRALPAACNPR7BR00,ALPA4,1621269336567432,46.58,46.57,46.56,46.62,46.63,46.64,200,400,300,200,700,300,46.62
311,544,BRALPAACNPR7BR00,ALPA4,1621269336568109,46.58,46.57,46.56,46.62,46.63,46.64,200,400,300,200,700,300,46.62
312,544,BRALPAACNPR7BR00,ALPA4,1621269336568134,46.58,46.57,46.56,46.62,46.63,46.64,200,400,300,200,700,300,46.62
313,544,BRALPAACNPR7BR00,ALPA4,1621269336568172,46.58,46.57,46.56,46.62,46.63,46.64,200,400,300,300,700,300,46.62
314,544,BRALPAACNPR7BR00,ALPA4,1621269336568196,46.58,46.57,46.56,46.62,46.63,46.64,200,400,300,300,700,300,46.62
315,544,BRALPAACNPR7BR00,ALPA4,1621269336568237,46.58,46.57,46.56,46.62,46.63,46.64,200,400,300,400,600,300,46.62
316,544,BRALPAACNPR7BR00,ALPA4,1621269336568254,46.58,46.57,46.56,46.62,46.63,46.64,200,400,300,400,600,300,46.62
317,544,BRALPAACNPR7BR00,ALPA4,1621269336568605,46.58,46.57,46.56,46.62,46.63,46.64,300,400,300,400,600,300,46.62
318,544,BRALPAACNPR7BR00,ALPA4,1621269336568631,46.58,46.57,46.56,46.62,46.63,46.64,300,400,300,400,600,300,46.62
319,544,BRALPAACNPR7BR00,ALPA4,1621269336568846,46.58,46.57,46.56,46.62,46.63,46.64,300,400,300,400,300,300,46.62
320,544,BRALPAACNPR7BR00,ALPA4,1621269336568865,46.58,46.57,46.56,46.62,46.63,46.64,300,400,300,400,300,300,46.62
321,544,BRALPAACNPR7BR00,ALPA4,1621269336569206,46.58,46.57,46.56,46.62,46.63,46.64,300,400,300,400,300,300,46.62
322,544,BRALPAACNPR7BR00,ALPA4,1621269336569227,46.58,46.57,46.56,46.62,46.63,46.64,300,400,300,400,300,300,46.62
323,544,BRALPAACNPR7BR00,ALPA4,1621269336569528,46.58,46.57,46.56,46.62,46.63,46.64,300,400,300,300,300,300,46.62
324,544,BRALPAACNPR7BR00,ALPA4,1621269336569546,46.58,46.57,46.56,46.62,46.63,46.64,300,400,300,300,300,300,46.62
325,544,BRALPAACNPR7BR00,ALPA4,1621269336570569,46.58,46.57,46.56,46.62,46.63,46.64,300,400,300,100,300,300,46.62
326,544,BRALPAACNPR7BR00,ALPA4,1621269336570589,46.58,46.57,46.56,46.62,46.63,46.64,300,400,300,100,300,300,46.62
327,544,BRALPAACNPR7BR00,ALPA4,1621269336571457,46.58,46.57,46.56,46.63,46.64,46.65,300,400,300,400,300,3000,46.62
328,544,BRALPAACNPR7BR00,ALPA4,1621269336571475,46.58,46.57,46.56,46.63,46.64,46.65,300,400,300,400,300,3000,46.62
329,544,BRALPAACNPR7BR00,ALPA4,1621269336572208,46.58,46.57,46.56,46.63,46.64,46.65,300,400,300,400,300,2900,46.62
330,544,BRALPAACNPR7BR00,ALPA4,1621269336572225,46.58,46.57,46.56,46.63,46.64,46.65,300,400,300,400,300,2900,46.62
331,544,BRALPAACNPR7BR00,ALPA4,1621269336572444,46.58,46.57,46.56,46.63,46.64,46.65,300,400,300,400,300,2900,46.62
332,544,BRALPAACNPR7BR00,ALPA4,1621269336572461,46.58,46.57,46.56,46.63,46.64,46.65,300,400,300,400,300,2900,46.62
333,544,BRALPAACNPR7BR00,ALPA4,1621269336574980,46.58,46.57,46.56,46.63,46.64,46.65,300,400,300,400,300,2900,46.62
334,544,BRALPAACNPR7BR00,ALPA4,1621269336575004,46.58,46.57,46.56,46.63,46.64,46.65,300,400,300,400,300,2900,46.62
335,544,BRALPAACNPR7BR00,ALPA4,1621269336575975,46.58,46.57,46.56,46.63,46.64,46.65,400,400,300,400,300,2900,46.62
336,544,BRALPAACNPR7BR00,ALPA4,1621269336576001,46.58,46.57,46.56,46.63,46.64,46.65,400,400,300,400,300,2900,46.62
337,544,BRALPAACNPR7BR00,ALPA4,1621269336783724,46.58,46.57,46.56,46.63,46.64,46.65,400,400,300,2200,300,2900,46.62
338,544,BRALPAACNPR7BR00,ALPA4,1621269336784837,46.58,46.57,46.56,46.63,46.64,46.65,400,400,300,2300,300,2900,46.62
339,544,BRALPAACNPR7BR00,ALPA4,1621269336984383,46.58,46.57,46.56,46.62,46.63,46.64,300,400,300,300,5500,300,46.62
340,544,BRALPAACNPR7BR00,ALPA4,1621269336985759,46.58,46.57,46.56,46.62,46.63,46.64,100,100,300,800,5300,300,46.62
341,544,BRALPAACNPR7BR00,ALPA4,1621269336986386,46.58,46.57,46.56,46.61,46.62,46.63,100,100,300,300,800,5300,46.62
342,544,BRALPAACNPR7BR00,ALPA4,1621269336986410,46.58,46.57,46.56,46.61,46.62,46.63,100,100,300,300,800,5300,46.62
343,544,BRALPAACNPR7BR00,ALPA4,1621269338111558,46.57,46.56,46.55,46.6,46.61,46.62,100,300,100,300,3700,500,46.58
344,544,BRALPAACNPR7BR00,ALPA4,1621269338111590,46.57,46.56,46.55,46.6,46.61,46.62,100,300,100,300,3700,500,46.58
345,544,BRALPAACNPR7BR00,ALPA4,1621269338113986,46.55,46.54,46.53,46.59,46.6,46.61,100,500,300,300,800,3300,46.58
346,544,BRALPAACNPR7BR00,ALPA4,1621269338114009,46.55,46.54,46.53,46.59,46.6,46.61,100,500,300,300,800,3300,46.58
347,544,BRALPAACNPR7BR00,ALPA4,1621269341851776,46.56,46.55,46.54,46.61,46.62,46.63,600,600,500,400,600,200,46.6
348,544,BRALPAACNPR7BR00,ALPA4,1621269341852988,46.56,46.55,46.54,46.61,46.62,46.63,600,600,500,500,300,100,46.6
349,544,BRALPAACNPR7BR00,ALPA4,1621269350138672,46.59,46.58,46.57,46.63,46.64,46.65,300,1700,700,100,500,200,46.61
350,544,BRALPAACNPR7BR00,ALPA4,1621269350138872,46.59,46.58,46.57,46.63,46.64,46.65,300,1700,700,100,500,200,46.61
351,544,BRALPAACNPR7BR00,ALPA4,1621269350139456,46.59,46.58,46.57,46.63,46.64,46.65,300,1700,700,100,500,100,46.61
352,544,BRALPAACNPR7BR00,ALPA4,1621269350140675,46.59,46.58,46.57,46.63,46.64,46.67,600,1700,700,100,400,100,46.61
353,544,BRALPAACNPR7BR00,ALPA4,1621269350141390,46.59,46.58,46.57,46.63,46.64,46.67,600,1700,700,100,400,100,46.61
354,544,BRALPAACNPR7BR00,ALPA4,1621269350142575,46.59,46.58,46.57,46.64,46.67,46.68,600,1700,700,500,100,700,46.61
355,544,BRALPAACNPR7BR00,ALPA4,1621269350266187,46.6,46.59,46.58,46.62,46.64,46.66,600,800,1500,100,300,100,46.61
356,544,BRALPAACNPR7BR00,ALPA4,1621269350267384,46.6,46.59,46.58,46.62,46.64,46.65,400,800,1500,200,200,100,46.61
357,544,BRALPAACNPR7BR00,ALPA4,1621269354039128,46.58,46.57,46.56,46.61,46.62,46.63,1600,400,500,300,600,200,46.59
358,544,BRALPAACNPR7BR00,ALPA4,1621269354040547,46.57,46.56,46.55,46.61,46.62,46.63,400,300,100,600,700,200,46.58
359,544,BRALPAACNPR7BR00,ALPA4,1621269354041603,46.56,46.54,46.53,46.6,46.61,46.62,100,200,1400,300,700,700,46.56
360,544,BRALPAACNPR7BR00,ALPA4,1621269354042941,46.54,46.53,46.52,46.6,46.61,46.62,300,1400,300,500,600,700,46.56
361,544,BRALPAACNPR7BR00,ALPA4,1621269354043854,46.54,46.53,46.52,46.59,46.6,46.61,600,300,300,200,500,300,46.56
362,544,BRALPAACNPR7BR00,ALPA4,1621269354045089,46.55,46.54,46.53,46.59,46.6,46.61,300,600,200,400,400,300,46.56
363,544,BRALPAACNPR7BR00,ALPA4,1621269354046624,46.55,46.54,46.53,46.59,46.6,46.61,600,600,200,100,100,300,46.56
364,544,BRALPAACNPR7BR00,ALPA4,1621269354047846,46.55,46.54,46.53,46.6,46.61,46.62,600,600,200,200,300,600,46.56
365,544,BRALPAACNPR7BR00,ALPA4,1621269360584768,46.56,46.55,46.54,46.6,46.61,46.62,400,300,300,1200,400,500,46.6
366,544,BRALPAACNPR7BR00,ALPA4,1621269360585361,46.56,46.55,46.54,46.6,46.61,46.62,400,300,500,1200,400,500,46.6
367,544,BRALPAACNPR7BR00,ALPA4,1621269360585385,46.56,46.55,46.54,46.6,46.61,46.62,400,300,500,1200,400,500,46.6
368,544,BRALPAACNPR7BR00,ALPA4,1621269361082206,46.56,46.55,46.54,46.61,46.62,46.63,400,300,500,1700,500,400,46.6
369,544,BRALPAACNPR7BR00,ALPA4,1621269361083403,46.56,46.55,46.54,46.61,46.62,46.63,300,300,500,1700,500,400,46.6
370,544,BRALPAACNPR7BR00,ALPA4,1621269361083775,46.56,46.55,46.54,46.6,46.61,46.62,200,300,500,300,1800,500,46.6
371,544,BRALPAACNPR7BR00,ALPA4,1621269361085012,46.56,46.55,46.54,46.6,46.61,46.62,200,300,500,700,1700,500,46.6
372,544,BRALPAACNPR7BR00,ALPA4,1621269365592611,46.56,46.55,46.54,46.59,46.6,46.61,200,200,600,300,2100,400,46.6
373,544,BRALPAACNPR7BR00,ALPA4,1621269365599747,46.55,46.54,46.53,46.59,46.6,46.61,200,300,800,700,1700,400,46.56
374,544,BRALPAACNPR7BR00,ALPA4,1621269365604664,46.55,46.54,46.53,46.58,46.59,46.6,200,300,500,300,700,1700,46.56
375,544,BRALPAACNPR7BR00,ALPA4,1621269365604696,46.55,46.54,46.53,46.58,46.59,46.6,200,300,500,300,700,1700,46.56
376,544,BRALPAACNPR7BR00,ALPA4,1621269366100901,46.53,46.52,46.51,46.57,46.58,46.59,200,300,600,300,1800,700,46.55
377,544,BRALPAACNPR7BR00,ALPA4,1621269366100927,46.53,46.52,46.51,46.57,46.58,46.59,200,300,600,300,1800,700,46.55
378,544,BRALPAACNPR7BR00,ALPA4,1621269366227854,46.51,46.5,46.49,46.56,46.57,46.58,400,500,600,200,600,1800,46.55
379,544,BRALPAACNPR7BR00,ALPA4,1621269366227893,46.51,46.5,46.49,46.56,46.57,46.58,400,500,600,200,600,1800,46.55
380,544,BRALPAACNPR7BR00,ALPA4,1621269366598393,46.51,46.5,46.49,46.55,46.56,46.57,400,500,400,300,1900,600,46.55
381,544,BRALPAACNPR7BR00,ALPA4,1621269366600097,46.51,46.5,46.49,46.55,46.56,46.57,400,400,400,700,1900,600,46.55
382,544,BRALPAACNPR7BR00,ALPA4,1621269366604850,46.51,46.5,46.49,46.56,46.57,46.58,300,400,400,1900,300,200,46.55
383,544,BRALPAACNPR7BR00,ALPA4,1621269366605065,46.51,46.5,46.49,46.56,46.57,46.58,300,400,400,1900,300,200,46.55
384,544,BRALPAACNPR7BR00,ALPA4,1621269366605573,46.51,46.5,46.49,46.56,46.57,46.58,300,400,400,1900,300,200,46.55
385,544,BRALPAACNPR7BR00,ALPA4,1621269366606837,46.51,46.5,46.49,46.56,46.57,46.58,600,400,400,1900,200,200,46.55
386,544,BRALPAACNPR7BR00,ALPA4,1621269419525227,46.54,46.53,46.52,46.55,46.56,46.57,100,100,1000,100,2300,800,46.55
387,544,BRALPAACNPR7BR00,ALPA4,1621269419525253,46.54,46.53,46.52,46.55,46.56,46.57,100,100,1000,100,2300,800,46.55
388,544,BRALPAACNPR7BR00,ALPA4,1621269480545377,46.54,46.53,46.52,46.56,46.57,46.58,100,200,100,1200,100,100,46.56
389,544,BRALPAACNPR7BR00,ALPA4,1621269480660923,46.54,46.53,46.52,46.56,46.57,46.59,100,200,100,1200,200,500,46.56
390,544,BRALPAACNPR7BR00,ALPA4,1621269480662168,46.54,46.53,46.52,46.56,46.57,46.59,100,200,100,1300,200,500,46.56
391,544,BRALPAACNPR7BR00,ALPA4,1621269561735051,46.54,46.52,46.51,46.56,46.57,46.59,200,100,200,2600,100,300,46.55
392,544,BRALPAACNPR7BR00,ALPA4,1621269561736415,46.54,46.51,46.5,46.55,46.56,46.57,200,200,1200,200,2500,100,46.55
393,544,BRALPAACNPR7BR00,ALPA4,1621269578884697,46.54,46.53,46.5,46.55,46.56,46.57,1200,500,1100,800,200,200,46.55
394,544,BRALPAACNPR7BR00,ALPA4,1621269578885163,46.54,46.53,46.5,46.55,46.56,46.59,1200,500,1100,800,200,400,46.55
395,544,BRALPAACNPR7BR00,ALPA4,1621269578886402,46.54,46.53,46.5,46.55,46.59,46.6,1500,500,1100,100,400,400,46.56
396,544,BRALPAACNPR7BR00,ALPA4,1621269578886755,46.54,46.53,46.5,46.55,46.59,46.6,1500,500,1100,100,300,400,46.56
397,544,BRALPAACNPR7BR00,ALPA4,1621269578887307,46.54,46.53,46.5,46.59,46.6,46.61,1700,500,1100,300,300,300,46.55
398,544,BRALPAACNPR7BR00,ALPA4,1621269578887332,46.55,46.54,46.53,46.59,46.6,46.61,300,1700,500,300,300,300,46.55
399,544,BRALPAACNPR7BR00,ALPA4,1621269578888535,46.55,46.54,46.53,46.59,46.6,46.61,500,1600,500,100,300,500,46.55
400,544,BRALPAACNPR7BR00,ALPA4,1621269578888953,46.55,46.54,46.53,46.59,46.6,46.61,500,1800,500,100,300,500,46.55
401,544,BRALPAACNPR7BR00,ALPA4,1621269578890202,46.55,46.54,46.53,46.6,46.61,46.62,500,1500,600,400,300,400,46.55
402,544,BRALPAACNPR7BR00,ALPA4,1621269578890328,46.55,46.54,46.53,46.58,46.6,46.61,500,1500,600,100,400,300,46.55
403,544,BRALPAACNPR7BR00,ALPA4,1621269578891375,46.55,46.54,46.53,46.58,46.6,46.61,600,1500,600,100,300,300,46.55
404,544,BRALPAACNPR7BR00,ALPA4,1621269578891543,46.55,46.54,46.53,46.58,46.6,46.61,500,1500,600,100,300,300,46.55
405,544,BRALPAACNPR7BR00,ALPA4,1621269578892680,46.55,46.54,46.53,46.59,46.6,46.61,600,1500,600,100,400,300,46.55
406,544,BRALPAACNPR7BR00,ALPA4,1621269578893326,46.55,46.54,46.53,46.59,46.6,46.61,500,1500,600,100,400,300,46.55
407,544,BRALPAACNPR7BR00,ALPA4,1621269578894399,46.55,46.54,46.53,46.58,46.59,46.6,500,1500,600,100,200,300,46.55
408,544,BRALPAACNPR7BR00,ALPA4,1621269578894848,46.55,46.54,46.53,46.58,46.59,46.6,500,1300,600,100,200,300,46.55
409,544,BRALPAACNPR7BR00,ALPA4,1621269578895918,46.55,46.54,46.53,46.58,46.59,46.6,500,1300,600,200,100,300,46.55
410,544,BRALPAACNPR7BR00,ALPA4,1621269579051444,46.55,46.54,46.53,46.57,46.58,46.59,700,1100,800,100,200,100,46.55
411,544,BRALPAACNPR7BR00,ALPA4,1621269579052744,46.55,46.54,46.53,46.57,46.58,46.59,700,1000,800,200,100,100,46.55
412,544,BRALPAACNPR7BR00,ALPA4,1621269585553960,46.55,46.54,46.53,46.57,46.58,46.59,800,1100,600,800,600,200,46.57
413,544,BRALPAACNPR7BR00,ALPA4,1621269585554439,46.55,46.54,46.53,46.57,46.58,46.59,800,1100,600,700,600,200,46.57
414,544,BRALPAACNPR7BR00,ALPA4,1621269585555671,46.56,46.55,46.54,46.57,46.58,46.59,300,800,1100,800,600,200,46.57
415,544,BRALPAACNPR7BR00,ALPA4,1621269585557539,46.55,46.54,46.53,46.56,46.57,46.58,500,1300,600,100,900,600,46.56
416,544,BRALPAACNPR7BR00,ALPA4,1621269585558762,46.55,46.54,46.53,46.56,46.57,46.58,500,1300,500,100,800,600,46.56
417,544,BRALPAACNPR7BR00,ALPA4,1621269585562677,46.55,46.54,46.53,46.56,46.57,46.58,500,1100,500,100,800,600,46.56
418,544,BRALPAACNPR7BR00,ALPA4,1621269585563783,46.54,46.53,46.52,46.57,46.58,46.59,1100,500,200,900,600,200,46.55
419,544,BRALPAACNPR7BR00,ALPA4,1621269585564319,46.54,46.53,46.52,46.56,46.57,46.58,1100,500,200,100,900,600,46.55
420,544,BRALPAACNPR7BR00,ALPA4,1621269585565476,46.54,46.53,46.52,46.56,46.57,46.58,1100,500,200,500,800,600,46.55
421,544,BRALPAACNPR7BR00,ALPA4,1621269605822569,46.55,46.54,46.53,46.56,46.57,46.58,600,100,300,1700,200,200,46.56
422,544,BRALPAACNPR7BR00,ALPA4,1621269612025271,46.55,46.54,46.53,46.56,46.57,46.58,600,200,300,1700,200,200,46.56
423,544,BRALPAACNPR7BR00,ALPA4,1621269612026627,46.55,46.54,46.53,46.56,46.57,46.58,600,200,300,1800,200,200,46.56
424,544,BRALPAACNPR7BR00,ALPA4,1621269634499597,46.54,46.53,46.51,46.55,46.56,46.57,100,300,200,100,2300,300,46.55
425,544,BRALPAACNPR7BR00,ALPA4,1621269634501082,46.54,46.53,46.5,46.55,46.56,46.57,100,300,1000,500,2200,500,46.55
426,544,BRALPAACNPR7BR00,ALPA4,1621269634643519,46.54,46.53,46.5,46.55,46.56,46.57,300,300,900,100,2200,500,46.55
427,544,BRALPAACNPR7BR00,ALPA4,1621269634644701,46.54,46.53,46.5,46.56,46.57,46.58,300,300,900,2300,500,200,46.55
428,544,BRALPAACNPR7BR00,ALPA4,1621269634645433,46.54,46.53,46.5,46.55,46.56,46.57,300,300,900,100,2300,500,46.55
429,544,BRALPAACNPR7BR00,ALPA4,1621269634646521,46.54,46.53,46.5,46.55,46.56,46.57,300,300,900,100,2200,500,46.55
430,544,BRALPAACNPR7BR00,ALPA4,1621269634648241,46.54,46.53,46.5,46.55,46.56,46.57,300,300,900,100,2200,500,46.55
431,544,BRALPAACNPR7BR00,ALPA4,1621269634649478,46.54,46.53,46.5,46.56,46.57,46.58,300,300,900,2300,500,100,46.55
432,544,BRALPAACNPR7BR00,ALPA4,1621269634650164,46.54,46.53,46.5,46.55,46.56,46.57,300,300,900,100,2300,500,46.55
433,544,BRALPAACNPR7BR00,ALPA4,1621269634651319,46.54,46.53,46.5,46.55,46.56,46.57,300,300,900,100,2200,500,46.55
434,544,BRALPAACNPR7BR00,ALPA4,1621269634651890,46.54,46.53,46.5,46.55,46.56,46.57,300,300,900,100,2300,500,46.55
435,544,BRALPAACNPR7BR00,ALPA4,1621269634652482,46.54,46.53,46.5,46.56,46.57,46.58,300,300,900,2300,500,100,46.55
436,544,BRALPAACNPR7BR00,ALPA4,1621269634736853,46.54,46.53,46.5,46.56,46.57,46.58,300,300,900,2300,500,100,46.55
437,544,BRALPAACNPR7BR00,ALPA4,1621269634737991,46.54,46.53,46.5,46.56,46.57,46.58,300,300,900,2400,500,100,46.55
438,544,BRALPAACNPR7BR00,ALPA4,1621269634793418,46.54,46.53,46.51,46.55,46.56,46.57,300,300,200,100,2300,500,46.55
439,544,BRALPAACNPR7BR00,ALPA4,1621269634794686,46.54,46.53,46.51,46.55,46.56,46.57,300,300,200,200,2200,500,46.55
440,544,BRALPAACNPR7BR00,ALPA4,1621269634795212,46.54,46.53,46.51,46.55,46.56,46.57,300,300,200,100,2200,500,46.55
441,544,BRALPAACNPR7BR00,ALPA4,1621269634795809,46.54,46.53,46.51,46.56,46.57,46.58,300,300,200,2100,500,100,46.55
442,544,BRALPAACNPR7BR00,ALPA4,1621269634796279,46.54,46.53,46.51,46.56,46.57,46.58,300,300,200,2100,300,100,46.55
443,544,BRALPAACNPR7BR00,ALPA4,1621269634797414,46.54,46.53,46.51,46.56,46.57,46.58,300,300,200,100,300,100,46.56
444,544,BRALPAACNPR7BR00,ALPA4,1621269634797710,46.54,46.53,46.51,46.56,46.57,46.58,300,300,200,100,300,100,46.56
445,544,BRALPAACNPR7BR00,ALPA4,1621269634799112,46.55,46.54,46.53,46.57,46.58,46.59,100,300,300,100,100,100,46.57
446,544,BRALPAACNPR7BR00,ALPA4,1621269634800004,46.55,46.54,46.53,46.57,46.58,46.59,200,300,300,100,100,100,46.57
447,544,BRALPAACNPR7BR00,ALPA4,1621269634801168,46.55,46.54,46.53,46.57,46.58,46.59,300,500,300,100,100,100,46.57
448,544,BRALPAACNPR7BR00,ALPA4,1621269634920497,46.55,46.54,46.53,46.56,46.57,46.58,700,100,300,100,300,100,46.57
449,544,BRALPAACNPR7BR00,ALPA4,1621269634920525,46.55,46.54,46.53,46.56,46.57,46.58,700,100,300,100,300,100,46.57
450,544,BRALPAACNPR7BR00,ALPA4,1621269646178941,46.55,46.54,46.53,46.57,46.58,46.59,1200,200,700,200,200,500,46.57
451,544,BRALPAACNPR7BR00,ALPA4,1621269646188051,46.55,46.54,46.53,46.57,46.58,46.59,1200,200,900,200,200,500,46.57
452,544,BRALPAACNPR7BR00,ALPA4,1621269646189210,46.55,46.54,46.53,46.57,46.58,46.59,1200,200,900,300,200,500,46.57
453,544,BRALPAACNPR7BR00,ALPA4,1621269649684322,46.56,46.55,46.54,46.58,46.59,46.6,200,1100,100,500,200,500,46.57
454,544,BRALPAACNPR7BR00,ALPA4,1621269649684551,46.56,46.55,46.54,46.58,46.59,46.6,200,1100,100,400,200,500,46.57
455,544,BRALPAACNPR7BR00,ALPA4,1621269649685034,46.56,46.55,46.54,46.58,46.59,46.6,200,1100,100,400,200,500,46.57
456,544,BRALPAACNPR7BR00,ALPA4,1621269649686248,46.56,46.55,46.54,46.58,46.59,46.6,500,1100,100,500,200,300,46.57
457,544,BRALPAACNPR7BR00,ALPA4,1621269650651297,46.56,46.55,46.54,46.57,46.58,46.59,100,1100,100,300,800,100,46.57
458,544,BRALPAACNPR7BR00,ALPA4,1621269650653107,46.55,46.54,46.53,46.57,46.58,46.59,1100,100,500,400,700,100,46.56
459,544,BRALPAACNPR7BR00,ALPA4,1621269656730432,46.53,46.51,46.5,46.56,46.57,46.58,300,200,1100,100,1000,800,46.55
460,544,BRALPAACNPR7BR00,ALPA4,1621269656732023,46.53,46.51,46.5,46.56,46.57,46.58,300,200,1000,200,800,800,46.55
461,544,BRALPAACNPR7BR00,ALPA4,1621269656732997,46.53,46.5,46.49,46.55,46.56,46.57,300,1000,400,300,600,700,46.55
462,544,BRALPAACNPR7BR00,ALPA4,1621269656734164,46.53,46.5,46.49,46.55,46.56,46.57,300,1000,600,500,500,700,46.55
463,544,BRALPAACNPR7BR00,ALPA4,1621269656740232,46.53,46.5,46.49,46.55,46.56,46.57,300,200,600,100,200,700,46.55
464,544,BRALPAACNPR7BR00,ALPA4,1621269656741385,46.53,46.5,46.49,46.56,46.57,46.58,400,200,300,200,700,800,46.55
465,544,BRALPAACNPR7BR00,ALPA4,1621269656741582,46.53,46.5,46.49,46.56,46.57,46.58,400,200,300,100,700,800,46.55
466,544,BRALPAACNPR7BR00,ALPA4,1621269656742710,46.53,46.5,46.49,46.57,46.58,46.59,400,200,300,800,800,200,46.55
467,544,BRALPAACNPR7BR00,ALPA4,1621269656746056,46.53,46.5,46.49,46.56,46.57,46.58,300,200,300,300,800,800,46.55
468,544,BRALPAACNPR7BR00,ALPA4,1621269656747304,46.53,46.5,46.49,46.55,46.56,46.57,300,200,300,100,500,700,46.55
469,544,BRALPAACNPR7BR00,ALPA4,1621269663633302,46.53,46.52,46.5,46.54,46.56,46.57,500,400,500,300,700,300,46.54
470,544,BRALPAACNPR7BR00,ALPA4,1621269663634847,46.53,46.52,46.5,46.54,46.56,46.57,500,200,500,400,600,500,46.54
471,544,BRALPAACNPR7BR00,ALPA4,1621269663635109,46.53,46.52,46.5,46.54,46.56,46.57,500,200,500,100,600,500,46.54
472,544,BRALPAACNPR7BR00,ALPA4,1621269663636364,46.53,46.52,46.5,46.56,46.57,46.58,400,200,700,700,500,700,46.54
473,544,BRALPAACNPR7BR00,ALPA4,1621269663780755,46.53,46.52,46.5,46.55,46.56,46.57,500,200,700,100,800,200,46.54
474,544,BRALPAACNPR7BR00,ALPA4,1621269663781939,46.53,46.52,46.5,46.55,46.56,46.57,500,200,700,200,700,200,46.54
475,544,BRALPAACNPR7BR00,ALPA4,1621269663879246,46.53,46.52,46.5,46.56,46.57,46.58,2000,200,700,600,200,800,46.55
476,544,BRALPAACNPR7BR00,ALPA4,1621269663879454,46.53,46.52,46.5,46.56,46.57,46.58,2000,200,700,600,200,800,46.55
477,544,BRALPAACNPR7BR00,ALPA4,1621269663879938,46.53,46.52,46.5,46.56,46.57,46.58,2000,200,700,600,200,600,46.55
478,544,BRALPAACNPR7BR00,ALPA4,1621269663881206,46.54,46.53,46.52,46.56,46.57,46.58,400,2000,200,700,200,600,46.55
479,544,BRALPAACNPR7BR00,ALPA4,1621269666483093,46.53,46.52,46.51,46.56,46.57,46.58,2000,300,200,800,300,400,46.56
480,544,BRALPAACNPR7BR00,ALPA4,1621269666483908,46.54,46.53,46.52,46.56,46.57,46.58,100,2000,300,800,300,400,46.56
481,544,BRALPAACNPR7BR00,ALPA4,1621269666485080,46.54,46.53,46.52,46.56,46.57,46.58,700,2000,300,900,300,400,46.56
482,544,BRALPAACNPR7BR00,ALPA4,1621269671368412,46.54,46.53,46.52,46.57,46.58,46.59,1000,2200,400,300,400,100,46.56
483,544,BRALPAACNPR7BR00,ALPA4,1621269671368631,46.54,46.53,46.52,46.57,46.58,46.59,1000,2200,400,300,400,100,46.56
484,544,BRALPAACNPR7BR00,ALPA4,1621269671369168,46.54,46.53,46.52,46.57,46.58,46.59,1000,2200,400,300,400,100,46.56
485,544,BRALPAACNPR7BR00,ALPA4,1621269671370435,46.55,46.54,46.53,46.57,46.58,46.59,300,700,2200,400,300,100,46.56
486,544,BRALPAACNPR7BR00,ALPA4,1621269684796037,46.56,46.55,46.54,46.58,46.59,46.6,100,600,2700,300,100,500,46.57
487,544,BRALPAACNPR7BR00,ALPA4,1621269684796222,46.56,46.55,46.54,46.58,46.59,46.6,100,600,2700,300,100,500,46.57
488,544,BRALPAACNPR7BR00,ALPA4,1621269684796842,46.56,46.55,46.54,46.58,46.59,46.6,100,600,2700,300,100,500,46.57
489,544,BRALPAACNPR7BR00,ALPA4,1621269684798030,46.57,46.56,46.55,46.58,46.59,46.6,100,400,500,400,100,500,46.57
490,544,BRALPAACNPR7BR00,ALPA4,1621269703681264,46.57,46.56,46.54,46.59,46.6,46.61,100,3800,1100,200,300,500,46.58
491,544,BRALPAACNPR7BR00,ALPA4,1621269703681451,46.57,46.56,46.54,46.59,46.6,46.61,100,3800,1100,200,200,500,46.58
492,544,BRALPAACNPR7BR00,ALPA4,1621269703682151,46.57,46.56,46.54,46.59,46.6,46.61,100,3800,1100,200,200,500,46.58
493,544,BRALPAACNPR7BR00,ALPA4,1621269703683280,46.58,46.57,46.56,46.59,46.6,46.61,100,400,4000,300,200,500,46.58
494,544,BRALPAACNPR7BR00,ALPA4,1621269703683419,46.58,46.57,46.56,46.59,46.6,46.61,100,400,4000,100,200,500,46.59
495,544,BRALPAACNPR7BR00,ALPA4,1621269703684574,46.58,46.57,46.56,46.6,46.61,46.62,100,400,4000,100,500,300,46.59
496,544,BRALPAACNPR7BR00,ALPA4,1621269703685180,46.57,46.56,46.54,46.6,46.61,46.62,400,4000,1100,100,500,300,46.59
497,544,BRALPAACNPR7BR00,ALPA4,1621269703686333,46.57,46.56,46.54,46.6,46.61,46.62,100,4000,1100,200,600,300,46.59
498,544,BRALPAACNPR7BR00,ALPA4,1621269703692522,46.57,46.56,46.54,46.6,46.61,46.62,100,4000,1100,200,600,300,46.59
499,544,BRALPAACNPR7BR00,ALPA4,1621269703693694,46.57,46.56,46.54,46.6,46.61,46.62,100,4000,1100,400,500,300,46.59
500,544,BRALPAACNPR7BR00,ALPA4,1621269703799849,46.57,46.56,46.55,46.6,46.61,46.62,200,3700,200,100,300,300,46.59
501,544,BRALPAACNPR7BR00,ALPA4,1621269703800957,46.58,46.57,46.56,46.61,46.62,46.64,100,200,3700,400,300,200,46.59
502,544,BRALPAACNPR7BR00,ALPA4,1621269703812665,46.58,46.57,46.56,46.59,46.61,46.62,300,200,3700,100,400,300,46.59
503,544,BRALPAACNPR7BR00,ALPA4,1621269703814093,46.58,46.57,46.56,46.59,46.61,46.62,400,200,3700,100,300,300,46.59
504,544,BRALPAACNPR7BR00,ALPA4,1621269703814785,46.58,46.57,46.56,46.59,46.61,46.62,400,200,3700,100,200,300,46.59
505,544,BRALPAACNPR7BR00,ALPA4,1621269703815213,46.58,46.57,46.56,46.61,46.62,46.64,400,200,3700,200,300,100,46.59
506,544,BRALPAACNPR7BR00,ALPA4,1621269703817311,46.58,46.57,46.56,46.61,46.62,46.64,400,200,3700,300,300,100,46.59
507,544,BRALPAACNPR7BR00,ALPA4,1621269703817340,46.58,46.57,46.56,46.61,46.62,46.64,400,200,3700,300,300,100,46.59
508,544,BRALPAACNPR7BR00,ALPA4,1621269703820722,46.58,46.57,46.56,46.61,46.62,46.64,300,200,3700,300,300,100,46.59
509,544,BRALPAACNPR7BR00,ALPA4,1621269703820751,46.58,46.57,46.56,46.61,46.62,46.64,300,200,3700,300,300,100,46.59
510,544,BRALPAACNPR7BR00,ALPA4,1621269703957920,46.58,46.57,46.56,46.61,46.62,46.64,300,200,3700,300,300,100,46.59
511,544,BRALPAACNPR7BR00,ALPA4,1621269703959281,46.58,46.57,46.56,46.61,46.62,46.64,400,200,3700,100,300,200,46.59
512,544,BRALPAACNPR7BR00,ALPA4,1621269704179883,46.58,46.57,46.56,46.61,46.62,46.64,500,200,3600,100,300,200,46.59
513,544,BRALPAACNPR7BR00,ALPA4,1621269704181186,46.58,46.57,46.56,46.62,46.64,46.65,500,200,3600,400,200,1200,46.59
514,544,BRALPAACNPR7BR00,ALPA4,1621269704187244,46.58,46.57,46.56,46.61,46.62,46.64,500,200,3500,300,700,200,46.59
515,544,BRALPAACNPR7BR00,ALPA4,1621269704188449,46.58,46.57,46.56,46.61,46.62,46.64,500,200,3700,700,600,200,46.59
516,544,BRALPAACNPR7BR00,ALPA4,1621269719633070,46.58,46.57,46.56,46.6,46.61,46.62,100,100,3100,300,1000,300,46.59
517,544,BRALPAACNPR7BR00,ALPA4,1621269719634287,46.58,46.57,46.56,46.6,46.61,46.62,100,100,2900,700,900,500,46.59
518,544,BRALPAACNPR7BR00,ALPA4,1621269720518475,46.57,46.56,46.54,46.59,46.6,46.61,100,2900,800,300,1400,100,46.59
519,544,BRALPAACNPR7BR00,ALPA4,1621269720519856,46.57,46.56,46.54,46.59,46.6,46.61,200,2900,800,700,1100,100,46.59
520,544,BRALPAACNPR7BR00,ALPA4,1621269720638557,46.57,46.56,46.54,46.58,46.59,46.6,200,2900,800,900,1300,500,46.58
521,544,BRALPAACNPR7BR00,ALPA4,1621269720638579,46.57,46.56,46.54,46.58,46.59,46.6,200,2900,800,900,1300,500,46.58
522,544,BRALPAACNPR7BR00,ALPA4,1621269721031856,46.56,46.54,46.53,46.6,46.61,46.62,1700,600,100,500,100,300,46.59
523,544,BRALPAACNPR7BR00,ALPA4,1621269721032095,46.56,46.54,46.53,46.6,46.61,46.62,1700,600,100,400,100,300,46.59
524,648,BRALSOACNOR5BR00,ALSO3,1621269337811577,28.26,28.25,28.24,28.28,28.29,28.3,500,300,900,600,800,900,28.27
525,648,BRALSOACNOR5BR00,ALSO3,1621269337811606,28.26,28.25,28.24,28.28,28.29,28.3,500,300,900,600,800,900,28.27
526,648,BRALSOACNOR5BR00,ALSO3,1621269337812350,28.26,28.25,28.24,28.28,28.29,28.3,500,300,700,600,800,900,28.27
527,648,BRALSOACNOR5BR00,ALSO3,1621269337812376,28.26,28.25,28.24,28.28,28.29,28.3,500,300,700,600,800,900,28.27
528,648,BRALSOACNOR5BR00,ALSO3,1621269337812478,28.26,28.25,28.24,28.28,28.29,28.3,500,300,700,600,900,900,28.27
529,648,BRALSOACNOR5BR00,ALSO3,1621269337812502,28.26,28.25,28.24,28.28,28.29,28.3,400,300,700,600,900,900,28.27
530,648,BRALSOACNOR5BR00,ALSO3,1621269337813123,28.26,28.25,28.24,28.28,28.29,28.3,300,300,700,600,900,900,28.27
531,648,BRALSOACNOR5BR00,ALSO3,1621269337813143,28.26,28.25,28.24,28.28,28.29,28.3,300,300,600,600,900,900,28.27
532,648,BRALSOACNOR5BR00,ALSO3,1621269337813366,28.26,28.25,28.24,28.28,28.29,28.3,300,300,600,600,1100,900,28.27
533,648,BRALSOACNOR5BR00,ALSO3,1621269337813384,28.26,28.25,28.24,28.28,28.29,28.3,300,300,600,600,1100,900,28.27
534,648,BRALSOACNOR5BR00,ALSO3,1621269337813931,28.26,28.25,28.24,28.28,28.29,28.3,300,300,600,600,1100,900,28.27
535,648,BRALSOACNOR5BR00,ALSO3,1621269337813952,28.26,28.25,28.24,28.28,28.29,28.3,300,300,600,600,1100,900,28.27
536,648,BRALSOACNOR5BR00,ALSO3,1621269337817337,28.26,28.25,28.24,28.28,28.29,28.3,200,400,600,600,1100,900,28.27
537,648,BRALSOACNOR5BR00,ALSO3,1621269337817356,28.26,28.25,28.24,28.28,28.29,28.3,200,400,600,600,1100,900,28.27
538,648,BRALSOACNOR5BR00,ALSO3,1621269339080043,28.26,28.25,28.24,28.28,28.29,28.3,100,400,600,600,1100,900,28.26
539,648,BRALSOACNOR5BR00,ALSO3,1621269339080083,28.26,28.25,28.24,28.28,28.29,28.3,100,400,600,600,1100,900,28.26
540,648,BRALSOACNOR5BR00,ALSO3,1621269339748075,28.26,28.25,28.24,28.28,28.29,28.3,100,200,600,600,1100,900,28.26
541,648,BRALSOACNOR5BR00,ALSO3,1621269339748104,28.26,28.25,28.24,28.28,28.29,28.3,100,200,600,600,1100,900,28.26
542,648,BRALSOACNOR5BR00,ALSO3,1621269339748996,28.26,28.25,28.24,28.27,28.28,28.29,100,200,600,100,600,1100,28.26
543,648,BRALSOACNOR5BR00,ALSO3,1621269339749017,28.26,28.25,28.24,28.27,28.28,28.29,100,200,600,100,600,1100,28.26
544,648,BRALSOACNOR5BR00,ALSO3,1621269339749674,28.26,28.25,28.24,28.27,28.28,28.29,100,200,500,100,600,1100,28.26
545,648,BRALSOACNOR5BR00,ALSO3,1621269339749693,28.26,28.25,28.24,28.27,28.28,28.29,100,200,500,100,600,1100,28.26
546,648,BRALSOACNOR5BR00,ALSO3,1621269339749993,28.26,28.25,28.24,28.27,28.28,28.29,100,200,500,200,500,1100,28.26
547,648,BRALSOACNOR5BR00,ALSO3,1621269339750034,28.26,28.25,28.24,28.27,28.28,28.29,100,200,500,200,500,1100,28.26
548,648,BRALSOACNOR5BR00,ALSO3,1621269339750058,28.26,28.25,28.24,28.27,28.28,28.29,100,200,500,200,700,1100,28.26
549,648,BRALSOACNOR5BR00,ALSO3,1621269339750079,28.26,28.25,28.24,28.27,28.28,28.29,100,200,500,200,700,1100,28.26
550,648,BRALSOACNOR5BR00,ALSO3,1621269339750155,28.26,28.25,28.24,28.27,28.28,28.29,100,200,500,200,900,1100,28.26
551,648,BRALSOACNOR5BR00,ALSO3,1621269339750174,28.26,28.25,28.24,28.27,28.28,28.29,100,200,500,200,900,1100,28.26
552,648,BRALSOACNOR5BR00,ALSO3,1621269339750210,28.26,28.25,28.24,28.27,28.28,28.29,100,200,500,300,900,1100,28.26
553,648,BRALSOACNOR5BR00,ALSO3,1621269339750226,28.26,28.25,28.24,28.27,28.28,28.29,100,200,500,300,900,1100,28.26
554,648,BRALSOACNOR5BR00,ALSO3,1621269339750266,28.26,28.25,28.24,28.27,28.28,28.29,100,200,500,300,1000,1100,28.26
555,648,BRALSOACNOR5BR00,ALSO3,1621269339750287,28.26,28.25,28.24,28.27,28.28,28.29,100,200,500,300,1000,1100,28.26
556,648,BRALSOACNOR5BR00,ALSO3,1621269339750738,28.26,28.25,28.24,28.27,28.28,28.29,100,200,500,200,1000,1100,28.26
557,648,BRALSOACNOR5BR00,ALSO3,1621269339750772,28.26,28.25,28.24,28.27,28.28,28.29,100,200,500,200,1000,1100,28.26
558,648,BRALSOACNOR5BR00,ALSO3,1621269339750788,28.26,28.25,28.24,28.27,28.28,28.29,100,200,500,200,1000,1100,28.26
559,648,BRALSOACNOR5BR00,ALSO3,1621269339750806,28.26,28.25,28.24,28.27,28.28,28.29,100,200,500,200,1000,1100,28.26
560,648,BRALSOACNOR5BR00,ALSO3,1621269339750840,28.26,28.25,28.24,28.27,28.28,28.29,100,200,500,200,1000,1100,28.26
561,648,BRALSOACNOR5BR00,ALSO3,1621269339750857,28.26,28.25,28.24,28.27,28.28,28.29,100,200,500,200,1000,1100,28.26
562,648,BRALSOACNOR5BR00,ALSO3,1621269339751226,28.26,28.25,28.24,28.27,28.28,28.29,100,200,500,300,1000,1100,28.26
563,648,BRALSOACNOR5BR00,ALSO3,1621269339751243,28.26,28.25,28.24,28.27,28.28,28.29,100,200,500,300,1000,1100,28.26
564,648,BRALSOACNOR5BR00,ALSO3,1621269339752152,28.26,28.25,28.24,28.27,28.28,28.29,100,200,500,300,1000,1100,28.26
565,648,BRALSOACNOR5BR00,ALSO3,1621269339752173,28.26,28.25,28.24,28.27,28.28,28.29,100,200,500,300,1000,1100,28.26
566,648,BRALSOACNOR5BR00,ALSO3,1621269339752210,28.26,28.25,28.24,28.27,28.28,28.29,100,200,500,400,1000,1100,28.26
567,648,BRALSOACNOR5BR00,ALSO3,1621269339752227,28.26,28.25,28.24,28.27,28.28,28.29,100,200,500,400,1000,1100,28.26
568,648,BRALSOACNOR5BR00,ALSO3,1621269340083545,28.26,28.25,28.24,28.27,28.28,28.29,100,200,500,500,900,1100,28.26
569,648,BRALSOACNOR5BR00,ALSO3,1621269340084740,28.26,28.25,28.24,28.27,28.28,28.29,200,200,500,500,900,1100,28.26
570,648,BRALSOACNOR5BR00,ALSO3,1621269361612175,28.26,28.25,28.24,28.27,28.28,28.29,100,400,500,300,1000,1000,28.26
571,648,BRALSOACNOR5BR00,ALSO3,1621269361613437,28.25,28.24,28.23,28.27,28.28,28.29,300,500,800,400,1000,1000,28.26
572,648,BRALSOACNOR5BR00,ALSO3,1621269363707571,28.25,28.24,28.23,28.27,28.28,28.29,100,500,700,500,1000,1000,28.26
573,648,BRALSOACNOR5BR00,ALSO3,1621269363707601,28.25,28.24,28.23,28.27,28.28,28.29,100,500,700,500,1000,1000,28.26
574,648,BRALSOACNOR5BR00,ALSO3,1621269365601423,28.24,28.23,28.22,28.25,28.26,28.27,200,400,600,100,500,800,28.25
575,648,BRALSOACNOR5BR00,ALSO3,1621269365601952,28.24,28.23,28.22,28.25,28.26,28.27,200,400,600,200,500,800,28.25
576,648,BRALSOACNOR5BR00,ALSO3,1621269365601976,28.24,28.23,28.22,28.25,28.26,28.27,200,400,600,200,500,800,28.25
577,648,BRALSOACNOR5BR00,ALSO3,1621269365603306,28.24,28.23,28.22,28.25,28.26,28.27,200,400,400,200,500,800,28.25
578,648,BRALSOACNOR5BR00,ALSO3,1621269365603326,28.24,28.23,28.22,28.25,28.26,28.27,200,400,400,200,500,800,28.25
579,648,BRALSOACNOR5BR00,ALSO3,1621269365603647,28.24,28.23,28.22,28.25,28.26,28.27,200,400,400,200,600,800,28.25
580,648,BRALSOACNOR5BR00,ALSO3,1621269365603666,28.24,28.23,28.22,28.25,28.26,28.27,200,400,400,200,600,800,28.25
581,648,BRALSOACNOR5BR00,ALSO3,1621269365606650,28.24,28.23,28.22,28.25,28.26,28.27,200,400,400,200,600,900,28.25
582,648,BRALSOACNOR5BR00,ALSO3,1621269365606684,28.24,28.23,28.22,28.25,28.26,28.27,200,400,400,200,600,900,28.25
583,648,BRALSOACNOR5BR00,ALSO3,1621269365606759,28.24,28.23,28.22,28.25,28.26,28.27,100,400,400,200,600,900,28.25
584,648,BRALSOACNOR5BR00,ALSO3,1621269365606791,28.24,28.23,28.22,28.25,28.26,28.27,100,400,400,200,600,900,28.25
585,648,BRALSOACNOR5BR00,ALSO3,1621269365612458,28.24,28.23,28.22,28.25,28.26,28.27,100,400,400,200,600,900,28.25
586,648,BRALSOACNOR5BR00,ALSO3,1621269365612487,28.24,28.23,28.22,28.25,28.26,28.27,100,400,400,200,600,900,28.25
587,648,BRALSOACNOR5BR00,ALSO3,1621269365628035,28.23,28.22,28.21,28.25,28.26,28.27,500,400,600,200,600,900,28.25
588,648,BRALSOACNOR5BR00,ALSO3,1621269365628062,28.23,28.22,28.21,28.25,28.26,28.27,500,400,600,200,600,900,28.25
589,648,BRALSOACNOR5BR00,ALSO3,1621269365628329,28.23,28.22,28.21,28.25,28.26,28.27,500,400,600,200,900,600,28.25
590,648,BRALSOACNOR5BR00,ALSO3,1621269365628352,28.23,28.22,28.21,28.25,28.26,28.27,500,400,600,200,900,600,28.25
591,648,BRALSOACNOR5BR00,ALSO3,1621269365629012,28.23,28.22,28.21,28.25,28.26,28.27,500,300,600,200,900,600,28.25
592,648,BRALSOACNOR5BR00,ALSO3,1621269365629036,28.23,28.22,28.21,28.25,28.26,28.27,500,300,600,200,900,600,28.25
593,648,BRALSOACNOR5BR00,ALSO3,1621269365653985,28.23,28.22,28.21,28.25,28.26,28.27,500,300,600,200,800,600,28.25
594,648,BRALSOACNOR5BR00,ALSO3,1621269365654019,28.23,28.22,28.21,28.25,28.26,28.27,500,300,600,200,800,600,28.25
595,648,BRALSOACNOR5BR00,ALSO3,1621269365654035,28.23,28.22,28.21,28.25,28.26,28.27,500,300,600,200,700,600,28.25
596,648,BRALSOACNOR5BR00,ALSO3,1621269365654057,28.23,28.22,28.21,28.25,28.26,28.27,500,300,600,200,700,600,28.25
597,648,BRALSOACNOR5BR00,ALSO3,1621269365695205,28.23,28.22,28.21,28.25,28.26,28.27,500,300,600,100,700,600,28.25
598,648,BRALSOACNOR5BR00,ALSO3,1621269365695232,28.23,28.22,28.21,28.25,28.26,28.27,500,300,600,100,700,600,28.25
599,648,BRALSOACNOR5BR00,ALSO3,1621269365725362,28.23,28.22,28.21,28.25,28.26,28.27,500,300,600,200,600,600,28.25
600,648,BRALSOACNOR5BR00,ALSO3,1621269365725382,28.23,28.22,28.21,28.25,28.26,28.27,500,300,600,200,600,600,28.25
601,648,BRALSOACNOR5BR00,ALSO3,1621269365726295,28.23,28.22,28.21,28.25,28.26,28.27,500,300,600,200,600,600,28.25
602,648,BRALSOACNOR5BR00,ALSO3,1621269365726314,28.23,28.22,28.21,28.25,28.26,28.27,500,300,600,200,600,600,28.25
603,648,BRALSOACNOR5BR00,ALSO3,1621269365922655,28.23,28.22,28.21,28.25,28.26,28.27,500,300,600,200,800,600,28.25
604,648,BRALSOACNOR5BR00,ALSO3,1621269365924282,28.23,28.22,28.21,28.25,28.26,28.27,500,400,600,200,800,600,28.25
605,648,BRALSOACNOR5BR00,ALSO3,1621269366115298,28.24,28.23,28.22,28.25,28.26,28.27,100,500,400,100,700,400,28.25
606,648,BRALSOACNOR5BR00,ALSO3,1621269366116385,28.24,28.23,28.22,28.25,28.26,28.27,300,400,400,100,700,400,28.25
607,648,BRALSOACNOR5BR00,ALSO3,1621269368233832,28.24,28.23,28.22,28.26,28.27,28.28,100,500,300,400,800,1000,28.24
608,648,BRALSOACNOR5BR00,ALSO3,1621269368234991,28.23,28.22,28.21,28.26,28.27,28.28,600,300,800,400,800,1000,28.24
609,648,BRALSOACNOR5BR00,ALSO3,1621269390113420,28.24,28.23,28.22,28.26,28.27,28.28,100,500,500,500,500,1400,28.26
610,648,BRALSOACNOR5BR00,ALSO3,1621269390114764,28.24,28.23,28.22,28.26,28.27,28.28,400,500,500,400,500,1400,28.26
611,648,BRALSOACNOR5BR00,ALSO3,1621269391151279,28.25,28.24,28.23,28.26,28.27,28.28,100,200,500,300,700,1200,28.26
612,648,BRALSOACNOR5BR00,ALSO3,1621269391152468,28.25,28.24,28.23,28.26,28.27,28.28,200,100,500,300,700,1200,28.26
613,648,BRALSOACNOR5BR00,ALSO3,1621269411153977,28.25,28.24,28.23,28.26,28.27,28.28,100,300,300,1200,700,1200,28.25
614,648,BRALSOACNOR5BR00,ALSO3,1621269411154008,28.25,28.24,28.23,28.26,28.27,28.28,100,300,300,1200,700,1200,28.25
615,648,BRALSOACNOR5BR00,ALSO3,1621269411154088,28.25,28.24,28.23,28.26,28.27,28.28,100,300,300,1200,700,1200,28.25
616,648,BRALSOACNOR5BR00,ALSO3,1621269411154761,28.25,28.24,28.23,28.26,28.27,28.28,100,100,300,1200,700,1200,28.25
617,648,BRALSOACNOR5BR00,ALSO3,1621269411154786,28.25,28.24,28.23,28.26,28.27,28.28,100,100,300,1200,700,1200,28.25
618,648,BRALSOACNOR5BR00,ALSO3,1621269411250752,28.24,28.23,28.22,28.26,28.27,28.28,100,300,500,1200,700,1200,28.25
619,648,BRALSOACNOR5BR00,ALSO3,1621269411250776,28.24,28.23,28.22,28.26,28.27,28.28,100,300,500,1200,700,1200,28.25
620,648,BRALSOACNOR5BR00,ALSO3,1621269411251220,28.24,28.23,28.22,28.25,28.26,28.27,100,300,500,100,1200,700,28.25
621,648,BRALSOACNOR5BR00,ALSO3,1621269411251242,28.24,28.23,28.22,28.25,28.26,28.27,100,300,500,100,1200,700,28.25
622,648,BRALSOACNOR5BR00,ALSO3,1621269411252085,28.24,28.23,28.22,28.25,28.26,28.27,100,300,500,100,1400,700,28.25
623,648,BRALSOACNOR5BR00,ALSO3,1621269411252104,28.24,28.23,28.22,28.25,28.26,28.27,100,300,500,100,1400,700,28.25
624,648,BRALSOACNOR5BR00,ALSO3,1621269411252551,28.23,28.22,28.21,28.25,28.26,28.27,400,500,600,100,1400,700,28.25
625,648,BRALSOACNOR5BR00,ALSO3,1621269411252572,28.23,28.22,28.21,28.25,28.26,28.27,400,500,600,100,1400,700,28.25
626,648,BRALSOACNOR5BR00,ALSO3,1621269411252709,28.23,28.22,28.21,28.25,28.26,28.27,400,500,600,100,1700,400,28.25
627,648,BRALSOACNOR5BR00,ALSO3,1621269411252729,28.23,28.22,28.21,28.25,28.26,28.27,400,500,600,100,1700,400,28.25
628,648,BRALSOACNOR5BR00,ALSO3,1621269411253188,28.23,28.22,28.21,28.25,28.26,28.27,400,300,600,100,1700,400,28.25
629,648,BRALSOACNOR5BR00,ALSO3,1621269411253208,28.23,28.22,28.21,28.25,28.26,28.27,400,300,600,100,1700,400,28.25
630,648,BRALSOACNOR5BR00,ALSO3,1621269411253426,28.23,28.22,28.21,28.25,28.26,28.27,400,300,600,100,1700,600,28.25
631,648,BRALSOACNOR5BR00,ALSO3,1621269411253447,28.23,28.22,28.21,28.25,28.26,28.27,400,300,600,100,1700,600,28.25
632,648,BRALSOACNOR5BR00,ALSO3,1621269411254142,28.23,28.22,28.21,28.25,28.26,28.27,400,300,600,100,1700,700,28.25
633,648,BRALSOACNOR5BR00,ALSO3,1621269411254193,28.23,28.22,28.21,28.25,28.26,28.27,400,300,600,100,1700,700,28.25
634,648,BRALSOACNOR5BR00,ALSO3,1621269411254277,28.23,28.22,28.21,28.25,28.26,28.27,400,300,600,100,1400,1000,28.25
635,648,BRALSOACNOR5BR00,ALSO3,1621269411254306,28.23,28.22,28.21,28.25,28.26,28.27,400,300,600,100,1400,1000,28.25
636,648,BRALSOACNOR5BR00,ALSO3,1621269411254605,28.23,28.22,28.21,28.25,28.26,28.27,400,300,800,100,1400,1000,28.25
637,648,BRALSOACNOR5BR00,ALSO3,1621269411254646,28.23,28.22,28.21,28.25,28.26,28.27,400,300,800,100,1400,1000,28.25
638,648,BRALSOACNOR5BR00,ALSO3,1621269411446662,28.23,28.22,28.21,28.25,28.26,28.27,400,300,800,100,1500,1000,28.25
639,648,BRALSOACNOR5BR00,ALSO3,1621269411446685,28.23,28.22,28.21,28.25,28.26,28.27,400,300,800,100,1500,1000,28.25
640,648,BRALSOACNOR5BR00,ALSO3,1621269411455506,28.23,28.22,28.21,28.25,28.26,28.27,300,400,800,100,1500,1000,28.25
641,648,BRALSOACNOR5BR00,ALSO3,1621269411455529,28.23,28.22,28.21,28.25,28.26,28.27,300,400,800,100,1500,1000,28.25
642,648,BRALSOACNOR5BR00,ALSO3,1621269411455541,28.23,28.22,28.21,28.25,28.26,28.27,300,400,800,100,1800,700,28.25
643,648,BRALSOACNOR5BR00,ALSO3,1621269411455554,28.23,28.22,28.21,28.25,28.26,28.27,300,400,800,100,1800,700,28.25
644,648,BRALSOACNOR5BR00,ALSO3,1621269411456386,28.23,28.22,28.21,28.25,28.26,28.27,400,400,800,100,1800,700,28.25
645,648,BRALSOACNOR5BR00,ALSO3,1621269411456408,28.23,28.22,28.21,28.25,28.26,28.27,400,400,800,100,1800,700,28.25
646,648,BRALSOACNOR5BR00,ALSO3,1621269413485674,28.23,28.22,28.21,28.25,28.26,28.27,400,400,800,100,1800,700,28.25
647,648,BRALSOACNOR5BR00,ALSO3,1621269413485764,28.23,28.22,28.21,28.25,28.26,28.27,400,400,800,100,1800,700,28.25
648,648,BRALSOACNOR5BR00,ALSO3,1621269413486990,28.23,28.22,28.21,28.25,28.26,28.27,400,400,800,100,1600,700,28.25
649,648,BRALSOACNOR5BR00,ALSO3,1621269413487017,28.23,28.22,28.21,28.25,28.26,28.27,400,400,800,100,1600,700,28.25
650,648,BRALSOACNOR5BR00,ALSO3,1621269413488128,28.24,28.23,28.22,28.25,28.26,28.27,100,400,400,100,1600,700,28.25
651,648,BRALSOACNOR5BR00,ALSO3,1621269413488156,28.24,28.23,28.22,28.25,28.26,28.27,100,400,400,100,1600,700,28.25
652,648,BRALSOACNOR5BR00,ALSO3,1621269413489222,28.24,28.23,28.22,28.25,28.26,28.27,200,400,400,100,1600,700,28.25
653,648,BRALSOACNOR5BR00,ALSO3,1621269413489268,28.24,28.23,28.22,28.25,28.26,28.27,200,400,400,100,1600,700,28.25
654,648,BRALSOACNOR5BR00,ALSO3,1621269413489282,28.24,28.23,28.22,28.25,28.26,28.27,200,400,400,100,1600,500,28.25
655,648,BRALSOACNOR5BR00,ALSO3,1621269413489306,28.24,28.23,28.22,28.25,28.26,28.27,200,400,400,100,1600,500,28.25
656,648,BRALSOACNOR5BR00,ALSO3,1621269413524719,28.24,28.23,28.22,28.25,28.26,28.27,200,500,300,100,1600,500,28.25
657,648,BRALSOACNOR5BR00,ALSO3,1621269413524742,28.24,28.23,28.22,28.25,28.26,28.27,200,500,300,100,1600,500,28.25
658,648,BRALSOACNOR5BR00,ALSO3,1621269413525373,28.24,28.23,28.22,28.26,28.27,28.28,200,500,300,1600,500,1000,28.25
659,648,BRALSOACNOR5BR00,ALSO3,1621269413525392,28.24,28.23,28.22,28.26,28.27,28.28,200,500,300,1600,500,1000,28.25
660,648,BRALSOACNOR5BR00,ALSO3,1621269413525461,28.24,28.23,28.22,28.26,28.27,28.28,200,500,300,1500,500,1000,28.25
661,648,BRALSOACNOR5BR00,ALSO3,1621269413525480,28.24,28.23,28.22,28.26,28.27,28.28,200,500,300,1500,500,1000,28.25
662,648,BRALSOACNOR5BR00,ALSO3,1621269413525654,28.24,28.23,28.22,28.26,28.27,28.28,200,500,300,1500,500,1200,28.25
663,648,BRALSOACNOR5BR00,ALSO3,1621269413525711,28.24,28.23,28.22,28.26,28.27,28.28,300,500,300,1500,500,1200,28.25
664,648,BRALSOACNOR5BR00,ALSO3,1621269413526054,28.24,28.23,28.22,28.26,28.27,28.28,200,500,300,1500,500,1200,28.25
665,648,BRALSOACNOR5BR00,ALSO3,1621269413526081,28.24,28.23,28.22,28.26,28.27,28.28,200,500,300,1500,500,1200,28.25
666,648,BRALSOACNOR5BR00,ALSO3,1621269413526093,28.24,28.23,28.22,28.26,28.27,28.28,200,500,300,1500,500,1000,28.25
667,648,BRALSOACNOR5BR00,ALSO3,1621269413526114,28.24,28.23,28.22,28.26,28.27,28.28,200,500,300,1500,500,1000,28.25
668,648,BRALSOACNOR5BR00,ALSO3,1621269413526344,28.24,28.23,28.22,28.26,28.27,28.28,100,500,300,1500,500,1000,28.25
669,648,BRALSOACNOR5BR00,ALSO3,1621269413526377,28.24,28.23,28.22,28.26,28.27,28.28,100,500,300,1500,500,1000,28.25
670,648,BRALSOACNOR5BR00,ALSO3,1621269413526391,28.24,28.23,28.22,28.26,28.27,28.28,100,500,300,1500,400,1000,28.25
671,648,BRALSOACNOR5BR00,ALSO3,1621269413526408,28.24,28.23,28.22,28.26,28.27,28.28,100,500,300,1500,400,1000,28.25
672,648,BRALSOACNOR5BR00,ALSO3,1621269413527489,28.24,28.23,28.22,28.26,28.27,28.28,200,500,300,1500,400,1000,28.25
673,648,BRALSOACNOR5BR00,ALSO3,1621269413527511,28.24,28.23,28.22,28.26,28.27,28.28,200,500,300,1500,400,1000,28.25
674,648,BRALSOACNOR5BR00,ALSO3,1621269413583136,28.24,28.23,28.22,28.26,28.27,28.28,300,500,300,1500,400,1000,28.25
675,648,BRALSOACNOR5BR00,ALSO3,1621269413583162,28.24,28.23,28.22,28.26,28.27,28.28,300,500,300,1500,400,1000,28.25
676,648,BRALSOACNOR5BR00,ALSO3,1621269413583950,28.24,28.23,28.22,28.26,28.27,28.28,300,700,300,1500,400,1000,28.25
677,648,BRALSOACNOR5BR00,ALSO3,1621269413583969,28.24,28.23,28.22,28.26,28.27,28.28,300,700,300,1500,400,1000,28.25
678,648,BRALSOACNOR5BR00,ALSO3,1621269413585022,28.24,28.23,28.22,28.26,28.27,28.28,300,700,300,1200,700,1000,28.25
679,648,BRALSOACNOR5BR00,ALSO3,1621269413585042,28.24,28.23,28.22,28.26,28.27,28.28,300,700,300,1200,700,1000,28.25
680,648,BRALSOACNOR5BR00,ALSO3,1621269413590339,28.24,28.23,28.22,28.26,28.27,28.28,300,700,300,1100,700,1000,28.25
681,648,BRALSOACNOR5BR00,ALSO3,1621269413590362,28.24,28.23,28.22,28.26,28.27,28.28,300,700,300,1100,700,1000,28.25
682,648,BRALSOACNOR5BR00,ALSO3,1621269413590392,28.24,28.23,28.22,28.26,28.27,28.28,300,700,300,1000,700,1000,28.25
683,648,BRALSOACNOR5BR00,ALSO3,1621269413590411,28.24,28.23,28.22,28.26,28.27,28.28,300,700,300,1000,700,1000,28.25
684,648,BRALSOACNOR5BR00,ALSO3,1621269414166830,28.24,28.23,28.22,28.26,28.27,28.28,200,700,300,1000,700,1000,28.25
685,648,BRALSOACNOR5BR00,ALSO3,1621269414168061,28.24,28.23,28.22,28.26,28.27,28.28,300,700,300,1100,700,1000,28.25
686,648,BRALSOACNOR5BR00,ALSO3,1621269418231220,28.24,28.23,28.22,28.26,28.27,28.28,100,500,500,1200,700,1000,28.24
687,648,BRALSOACNOR5BR00,ALSO3,1621269418232443,28.23,28.22,28.21,28.25,28.26,28.27,600,500,600,100,1200,800,28.24
688,648,BRALSOACNOR5BR00,ALSO3,1621269441515356,28.23,28.22,28.21,28.25,28.26,28.27,100,400,600,500,1900,500,28.24
689,648,BRALSOACNOR5BR00,ALSO3,1621269441516484,28.22,28.21,28.2,28.25,28.26,28.27,500,600,2700,500,1900,500,28.24
690,648,BRALSOACNOR5BR00,ALSO3,1621269463655062,28.21,28.2,28.19,28.22,28.25,28.26,400,1200,600,300,800,1300,28.22
691,648,BRALSOACNOR5BR00,ALSO3,1621269463655245,28.21,28.2,28.19,28.22,28.25,28.26,400,1200,600,300,800,1300,28.22
692,648,BRALSOACNOR5BR00,ALSO3,1621269463656057,28.21,28.2,28.19,28.22,28.25,28.26,400,1000,600,300,800,1300,28.22
693,648,BRALSOACNOR5BR00,ALSO3,1621269463658594,28.21,28.2,28.19,28.22,28.25,28.26,400,400,500,100,900,1300,28.22
694,648,BRALSOACNOR5BR00,ALSO3,1621269475082192,28.21,28.2,28.19,28.24,28.25,28.26,100,300,400,1000,700,1800,28.21
695,648,BRALSOACNOR5BR00,ALSO3,1621269475083406,28.2,28.19,28.18,28.24,28.25,28.26,400,400,800,1000,700,1800,28.21
696,648,BRALSOACNOR5BR00,ALSO3,1621269491277478,28.21,28.2,28.19,28.24,28.25,28.26,100,500,400,600,1600,800,28.24
697,648,BRALSOACNOR5BR00,ALSO3,1621269491278795,28.21,28.2,28.19,28.24,28.25,28.26,600,600,500,600,1600,1000,28.24
698,648,BRALSOACNOR5BR00,ALSO3,1621269491279679,28.22,28.21,28.2,28.24,28.25,28.26,100,600,700,500,1500,1000,28.24
699,648,BRALSOACNOR5BR00,ALSO3,1621269491280862,28.22,28.21,28.2,28.24,28.25,28.26,300,600,700,500,1500,400,28.24
700,648,BRALSOACNOR5BR00,ALSO3,1621269501670568,28.22,28.21,28.2,28.24,28.25,28.26,100,600,1300,400,1800,400,28.22
701,648,BRALSOACNOR5BR00,ALSO3,1621269501671874,28.21,28.2,28.19,28.24,28.25,28.26,700,1300,500,400,1800,400,28.22
702,648,BRALSOACNOR5BR00,ALSO3,1621269522090238,28.2,28.19,28.18,28.23,28.24,28.25,800,700,700,500,600,1700,28.21
703,648,BRALSOACNOR5BR00,ALSO3,1621269522090340,28.2,28.19,28.18,28.23,28.24,28.25,800,700,700,500,600,1700,28.21
704,648,BRALSOACNOR5BR00,ALSO3,1621269522091237,28.2,28.19,28.18,28.23,28.24,28.25,800,700,700,500,700,1700,28.21
705,648,BRALSOACNOR5BR00,ALSO3,1621269522092346,28.2,28.19,28.18,28.23,28.24,28.25,900,700,700,500,700,1700,28.21
706,648,BRALSOACNOR5BR00,ALSO3,1621269536129559,28.22,28.2,28.19,28.23,28.24,28.25,2000,500,600,500,400,1700,28.21
707,648,BRALSOACNOR5BR00,ALSO3,1621269536130841,28.22,28.2,28.19,28.23,28.24,28.25,2100,400,600,500,400,1500,28.21
708,648,BRALSOACNOR5BR00,ALSO3,1621269565115400,28.22,28.21,28.2,28.24,28.25,28.26,100,500,400,300,3500,800,28.22
709,648,BRALSOACNOR5BR00,ALSO3,1621269565116473,28.21,28.2,28.19,28.24,28.25,28.26,600,400,800,300,3500,800,28.22
710,648,BRALSOACNOR5BR00,ALSO3,1621269576089225,28.22,28.21,28.2,28.23,28.24,28.25,700,500,400,400,500,3500,28.22
711,648,BRALSOACNOR5BR00,ALSO3,1621269576090642,28.22,28.21,28.2,28.23,28.24,28.25,800,500,400,100,500,3500,28.22
712,648,BRALSOACNOR5BR00,ALSO3,1621269610197479,28.23,28.22,28.21,28.24,28.25,28.26,100,600,300,500,3300,1300,28.22
713,648,BRALSOACNOR5BR00,ALSO3,1621269610198713,28.23,28.22,28.21,28.24,28.25,28.26,200,500,300,500,3300,400,28.22
714,648,BRALSOACNOR5BR00,ALSO3,1621269614090617,28.24,28.23,28.22,28.25,28.26,28.27,100,200,300,3200,200,1200,28.24
715,648,BRALSOACNOR5BR00,ALSO3,1621269614091935,28.24,28.23,28.22,28.25,28.26,28.27,100,100,300,3200,200,1000,28.24
716,648,BRALSOACNOR5BR00,ALSO3,1621269614092462,28.24,28.23,28.22,28.25,28.26,28.27,100,100,300,3200,200,1200,28.24
717,648,BRALSOACNOR5BR00,ALSO3,1621269614092889,28.23,28.22,28.21,28.25,28.26,28.27,100,300,300,3200,200,1200,28.24
718,873,BRALUPCDAM15BR00,ALUP11,1621269337794306,27.31,27.3,27.29,27.32,27.33,27.34,100,100,1000,400,700,800,27.32
719,873,BRALUPCDAM15BR00,ALUP11,1621269337794329,27.31,27.3,27.29,27.32,27.33,27.34,100,100,1000,400,700,800,27.32
720,873,BRALUPCDAM15BR00,ALUP11,1621269338487891,27.31,27.3,27.29,27.32,27.33,27.34,100,100,1000,400,800,800,27.32
721,873,BRALUPCDAM15BR00,ALUP11,1621269338487917,27.31,27.3,27.29,27.32,27.33,27.34,100,100,1000,400,800,800,27.32
722,873,BRALUPCDAM15BR00,ALUP11,1621269344370406,27.31,27.3,27.29,27.32,27.33,27.34,100,100,1000,600,800,800,27.32
723,873,BRALUPCDAM15BR00,ALUP11,1621269344372398,27.31,27.3,27.29,27.32,27.33,27.34,200,100,1000,600,800,800,27.32
724,873,BRALUPCDAM15BR00,ALUP11,1621269345478713,27.29,27.28,27.27,27.3,27.32,27.33,1000,900,2600,700,400,800,27.3
725,873,BRALUPCDAM15BR00,ALUP11,1621269345478872,27.29,27.28,27.27,27.3,27.32,27.33,1000,900,2600,700,400,800,27.3
726,873,BRALUPCDAM15BR00,ALUP11,1621269345479449,27.29,27.28,27.27,27.3,27.32,27.33,1000,900,2400,700,400,800,27.3
727,873,BRALUPCDAM15BR00,ALUP11,1621269345480865,27.29,27.28,27.27,27.3,27.31,27.32,800,600,700,700,300,900,27.3
728,873,BRALUPCDAM15BR00,ALUP11,1621269427025190,27.28,27.27,27.26,27.3,27.31,27.32,100,400,1000,1700,500,1300,27.29
729,873,BRALUPCDAM15BR00,ALUP11,1621269427025272,27.28,27.27,27.26,27.3,27.31,27.32,100,400,1000,1700,500,1300,27.29
730,873,BRALUPCDAM15BR00,ALUP11,1621269427025289,27.28,27.27,27.26,27.29,27.3,27.31,100,400,1000,100,1700,500,27.29
731,873,BRALUPCDAM15BR00,ALUP11,1621269427027267,27.28,27.27,27.26,27.29,27.3,27.31,100,100,700,600,1700,700,27.29
732,873,BRALUPCDAM15BR00,ALUP11,1621269427027567,27.28,27.27,27.26,27.29,27.3,27.31,100,100,600,600,1700,700,27.29
733,873,BRALUPCDAM15BR00,ALUP11,1621269427028842,27.27,27.26,27.25,27.29,27.3,27.31,100,600,900,200,1700,700,27.29
734,873,BRALUPCDAM15BR00,ALUP11,1621269427029333,27.27,27.26,27.25,27.29,27.3,27.31,100,600,800,200,1700,700,27.29
735,873,BRALUPCDAM15BR00,ALUP11,1621269427030430,27.27,27.26,27.25,27.28,27.29,27.3,100,700,800,100,200,2000,27.29
736,873,BRALUPCDAM15BR00,ALUP11,1621269427030525,27.27,27.26,27.25,27.28,27.29,27.3,200,700,800,100,200,2000,27.29
737,873,BRALUPCDAM15BR00,ALUP11,1621269427031613,27.27,27.26,27.25,27.28,27.29,27.3,200,600,800,100,500,2000,27.29
738,873,BRALUPCDAM15BR00,ALUP11,1621269427399053,27.27,27.26,27.25,27.28,27.29,27.3,100,600,800,500,500,1600,27.29
739,873,BRALUPCDAM15BR00,ALUP11,1621269427400294,27.26,27.25,27.24,27.28,27.29,27.3,700,800,3600,500,500,1600,27.29
740,873,BRALUPCDAM15BR00,ALUP11,1621269431576534,27.27,27.26,27.25,27.28,27.29,27.3,100,200,700,800,900,1500,27.29
741,873,BRALUPCDAM15BR00,ALUP11,1621269431577840,27.27,27.26,27.25,27.28,27.29,27.3,200,200,700,800,700,1500,27.29
742,873,BRALUPCDAM15BR00,ALUP11,1621269450962292,27.28,27.27,27.26,27.3,27.31,27.32,200,400,500,1400,600,1300,27.28
743,873,BRALUPCDAM15BR00,ALUP11,1621269450964005,27.28,27.27,27.26,27.3,27.31,27.32,500,700,500,1000,400,600,27.28
744,873,BRALUPCDAM15BR00,ALUP11,1621269450965966,27.29,27.28,27.27,27.3,27.31,27.32,200,700,1000,1000,300,600,27.28
745,873,BRALUPCDAM15BR00,ALUP11,1621269450965994,27.29,27.28,27.27,27.3,27.31,27.32,200,700,1000,1000,300,600,27.28
746,873,BRALUPCDAM15BR00,ALUP11,1621269575178191,27.28,27.27,27.26,27.29,27.3,27.31,200,700,1000,100,1600,600,27.28
747,873,BRALUPCDAM15BR00,ALUP11,1621269575178670,27.28,27.27,27.26,27.29,27.3,27.31,200,700,1000,100,1600,400,27.28
748,873,BRALUPCDAM15BR00,ALUP11,1621269575178697,27.28,27.27,27.26,27.29,27.3,27.31,200,700,1000,100,1600,400,27.28
749,873,BRALUPCDAM15BR00,ALUP11,1621269575179153,27.28,27.27,27.26,27.29,27.3,27.31,200,700,1000,100,1600,400,27.28
750,873,BRALUPCDAM15BR00,ALUP11,1621269575179172,27.28,27.27,27.26,27.29,27.3,27.31,200,700,1000,100,1600,400,27.28
751,873,BRALUPCDAM15BR00,ALUP11,1621269575180745,27.28,27.27,27.26,27.29,27.3,27.31,200,700,1000,100,1600,600,27.28
752,873,BRALUPCDAM15BR00,ALUP11,1621269575180764,27.28,27.27,27.26,27.29,27.3,27.31,200,700,1000,100,1600,600,27.28
753,873,BRALUPCDAM15BR00,ALUP11,1621269575339191,27.28,27.27,27.26,27.29,27.3,27.31,200,700,1000,100,1500,600,27.28
754,873,BRALUPCDAM15BR00,ALUP11,1621269575339224,27.28,27.27,27.26,27.29,27.3,27.31,200,700,1000,100,1500,600,27.28
755,873,BRALUPCDAM15BR00,ALUP11,1621269575339864,27.28,27.27,27.26,27.3,27.31,27.32,200,700,1000,1500,600,1200,27.28
756,873,BRALUPCDAM15BR00,ALUP11,1621269575339885,27.28,27.27,27.26,27.3,27.31,27.32,200,700,1000,1500,600,1200,27.28
757,873,BRALUPCDAM15BR00,ALUP11,1621269575531261,27.28,27.27,27.26,27.3,27.31,27.32,200,700,1000,1700,600,1200,27.28
758,873,BRALUPCDAM15BR00,ALUP11,1621269575531302,27.28,27.27,27.26,27.3,27.31,27.32,200,700,1000,1700,600,1200,27.28
759,873,BRALUPCDAM15BR00,ALUP11,1621269575982846,27.28,27.27,27.26,27.3,27.31,27.32,200,700,1000,1800,600,1200,27.28
760,873,BRALUPCDAM15BR00,ALUP11,1621269575984068,27.28,27.27,27.26,27.3,27.31,27.32,300,700,1000,1800,600,1200,27.28
761,873,BRALUPCDAM15BR00,ALUP11,1621269577339120,27.29,27.28,27.27,27.3,27.31,27.32,100,300,700,1800,600,1200,27.28
762,873,BRALUPCDAM15BR00,ALUP11,1621269577340373,27.29,27.28,27.27,27.3,27.31,27.32,200,200,700,1700,600,1200,27.28
763,873,BRALUPCDAM15BR00,ALUP11,1621269598106808,27.29,27.28,27.27,27.3,27.31,27.32,100,200,700,1600,400,1400,27.3
764,873,BRALUPCDAM15BR00,ALUP11,1621269598108132,27.28,27.27,27.26,27.3,27.31,27.32,300,700,1000,1400,400,1400,27.3
765,873,BRALUPCDAM15BR00,ALUP11,1621269623359249,27.28,27.27,27.26,27.29,27.3,27.31,100,400,1000,1200,1200,400,27.28
766,873,BRALUPCDAM15BR00,ALUP11,1621269623360446,27.27,27.26,27.25,27.29,27.3,27.31,200,1000,1200,1200,1200,400,27.28
767,873,BRALUPCDAM15BR00,ALUP11,1621269634739724,27.27,27.26,27.25,27.28,27.29,27.3,100,400,1300,600,1000,1300,27.27
768,873,BRALUPCDAM15BR00,ALUP11,1621269634740869,27.26,27.25,27.24,27.28,27.29,27.3,500,1300,3300,600,1000,1300,27.27
769,873,BRALUPCDAM15BR00,ALUP11,1621269635094795,27.26,27.25,27.24,27.28,27.29,27.3,100,800,1500,900,1000,1400,27.27
770,873,BRALUPCDAM15BR00,ALUP11,1621269635094822,27.26,27.25,27.24,27.28,27.29,27.3,100,800,1500,900,1000,1400,27.27
771,873,BRALUPCDAM15BR00,ALUP11,1621269647842557,27.25,27.24,27.23,27.26,27.28,27.29,800,1500,3300,100,1200,1200,27.26
772,873,BRALUPCDAM15BR00,ALUP11,1621269647843037,27.25,27.24,27.23,27.26,27.28,27.29,700,1500,3300,100,1200,1200,27.26
773,873,BRALUPCDAM15BR00,ALUP11,1621269647844223,27.25,27.24,27.23,27.26,27.27,27.28,800,1400,1500,100,300,1300,27.26
774,873,BRALUPCDAM15BR00,ALUP11,1621269654167982,27.26,27.25,27.24,27.27,27.28,27.29,100,900,1300,100,600,1000,27.26
775,873,BRALUPCDAM15BR00,ALUP11,1621269654169420,27.26,27.25,27.24,27.27,27.28,27.29,300,800,1500,100,300,1000,27.26
776,873,BRALUPCDAM15BR00,ALUP11,1621269658058227,27.27,27.26,27.25,27.29,27.3,27.31,100,1000,900,600,1100,400,27.27
777,873,BRALUPCDAM15BR00,ALUP11,1621269658059424,27.27,27.26,27.25,27.29,27.3,27.31,200,900,900,600,1100,400,27.27
778,873,BRALUPCDAM15BR00,ALUP11,1621269658892755,27.28,27.27,27.26,27.29,27.3,27.31,100,200,800,600,1100,400,27.27
779,873,BRALUPCDAM15BR00,ALUP11,1621269658894072,27.28,27.27,27.26,27.29,27.3,27.31,200,300,1100,500,1100,400,27.27
780,873,BRALUPCDAM15BR00,ALUP11,1621269658894547,27.28,27.27,27.26,27.29,27.3,27.31,100,300,1100,500,1100,400,27.28
781,873,BRALUPCDAM15BR00,ALUP11,1621269658894875,27.27,27.26,27.25,27.29,27.3,27.31,300,1100,900,500,800,400,27.28
782,873,BRALUPCDAM15BR00,ALUP11,1621269658895424,27.26,27.25,27.24,27.29,27.3,27.31,1100,900,1600,500,800,400,27.28
783,873,BRALUPCDAM15BR00,ALUP11,1621269658896500,27.27,27.26,27.25,27.29,27.3,27.31,100,1000,900,500,1100,400,27.28
784,873,BRALUPCDAM15BR00,ALUP11,1621269658896882,27.27,27.26,27.25,27.28,27.29,27.3,100,1000,900,100,500,1100,27.28
785,873,BRALUPCDAM15BR00,ALUP11,1621269658898070,27.27,27.26,27.25,27.28,27.29,27.3,200,900,1100,200,800,1100,27.28
786,873,BRALUPCDAM15BR00,ALUP11,1621269658906503,27.27,27.26,27.25,27.28,27.29,27.3,100,900,1100,100,800,1100,27.27
787,873,BRALUPCDAM15BR00,ALUP11,1621269658907676,27.26,27.25,27.24,27.28,27.29,27.3,900,1100,1600,100,800,1200,27.27
788,873,BRALUPCDAM15BR00,ALUP11,1621269688603935,27.27,27.26,27.25,27.28,27.29,27.3,200,400,800,200,1000,1200,27.27
789,873,BRALUPCDAM15BR00,ALUP11,1621269688605510,27.27,27.26,27.25,27.28,27.29,27.3,300,300,800,200,800,1200,27.27
790,873,BRALUPCDAM15BR00,ALUP11,1621269693377259,27.27,27.26,27.25,27.29,27.3,27.31,100,700,1100,500,1300,600,27.27
791,873,BRALUPCDAM15BR00,ALUP11,1621269693378446,27.26,27.25,27.24,27.29,27.3,27.31,800,1100,1600,500,1300,600,27.27
792,873,BRALUPCDAM15BR00,ALUP11,1621269701331516,27.25,27.24,27.23,27.27,27.28,27.29,800,1600,2200,100,200,1000,27.26
793,873,BRALUPCDAM15BR00,ALUP11,1621269701331577,27.25,27.24,27.23,27.27,27.28,27.29,800,1600,2200,100,200,1000,27.26
794,873,BRALUPCDAM15BR00,ALUP11,1621269701332254,27.25,27.24,27.23,27.27,27.28,27.29,800,1500,2200,100,200,1000,27.26
795,873,BRALUPCDAM15BR00,ALUP11,1621269701333493,27.25,27.24,27.23,27.27,27.28,27.29,600,1000,2600,100,500,1200,27.26
796,873,BRALUPCDAM15BR00,ALUP11,1621269723195481,27.26,27.25,27.24,27.27,27.28,27.29,100,900,900,100,500,900,27.26
797,873,BRALUPCDAM15BR00,ALUP11,1621269723196682,27.26,27.25,27.24,27.27,27.28,27.29,300,800,900,100,500,900,27.26
798,873,BRALUPCDAM15BR00,ALUP11,1621269768685838,27.26,27.25,27.24,27.27,27.28,27.29,300,900,1500,100,400,900,27.26
799,873,BRALUPCDAM15BR00,ALUP11,1621269769589223,27.26,27.25,27.24,27.27,27.28,27.29,300,900,1500,100,700,900,27.26
800,873,BRALUPCDAM15BR00,ALUP11,1621269769590630,27.26,27.25,27.24,27.27,27.28,27.29,300,900,1500,100,700,900,27.26
801,873,BRALUPCDAM15BR00,ALUP11,1621269819285347,27.26,27.25,27.24,27.27,27.28,27.29,100,900,1500,500,600,800,27.26
802,873,BRALUPCDAM15BR00,ALUP11,1621269819286670,27.25,27.24,27.23,27.27,27.28,27.29,700,1500,2200,500,600,800,27.26
803,873,BRALUPCDAM15BR00,ALUP11,1621269822832477,27.26,27.25,27.24,27.27,27.28,27.29,100,800,1000,100,400,800,27.26
804,873,BRALUPCDAM15BR00,ALUP11,1621269822833692,27.26,27.25,27.24,27.27,27.28,27.29,200,700,1200,100,400,800,27.26
805,873,BRALUPCDAM15BR00,ALUP11,1621269822906805,27.27,27.26,27.25,27.28,27.29,27.3,200,200,700,400,800,1600,27.27
806,873,BRALUPCDAM15BR00,ALUP11,1621269822908062,27.27,27.26,27.25,27.28,27.29,27.3,300,100,700,300,800,1600,27.27
807,873,BRALUPCDAM15BR00,ALUP11,1621269867814896,27.27,27.26,27.25,27.28,27.29,27.3,100,100,1200,400,700,1400,27.27
808,873,BRALUPCDAM15BR00,ALUP11,1621269867815110,27.27,27.26,27.25,27.28,27.29,27.3,100,100,1200,400,700,1400,27.27
809,924,BRANIMACNOR6BR00,ANIM3,1621269333575369,11.86,11.85,11.84,11.87,11.88,11.89,600,900,3700,4300,5400,6200,11.85
810,924,BRANIMACNOR6BR00,ANIM3,1621269333576564,11.86,11.85,11.84,11.87,11.88,11.89,700,900,3700,4300,5400,6200,11.85
811,924,BRANIMACNOR6BR00,ANIM3,1621269407061683,11.86,11.85,11.84,11.87,11.88,11.89,3500,4600,4200,2000,4100,6800,11.86
812,924,BRANIMACNOR6BR00,ANIM3,1621269407062130,11.86,11.85,11.84,11.87,11.88,11.89,3500,4600,4200,1100,4100,6800,11.86
813,924,BRANIMACNOR6BR00,ANIM3,1621269407062149,11.86,11.85,11.84,11.87,11.88,11.89,3500,4600,4200,1100,4100,6800,11.86
814,924,BRANIMACNOR6BR00,ANIM3,1621269413272020,11.86,11.85,11.84,11.87,11.88,11.89,3500,4700,4200,1100,4100,6800,11.86
815,924,BRANIMACNOR6BR00,ANIM3,1621269413273269,11.86,11.85,11.84,11.87,11.88,11.89,3600,4700,4200,1100,4100,6800,11.86
816,924,BRANIMACNOR6BR00,ANIM3,1621269413472470,11.87,11.86,11.85,11.88,11.89,11.9,100,3600,4700,3900,6400,5400,11.87
817,924,BRANIMACNOR6BR00,ANIM3,1621269413472539,11.87,11.86,11.85,11.88,11.89,11.9,200,3600,4700,3900,6400,5400,11.87
818,924,BRANIMACNOR6BR00,ANIM3,1621269429438990,11.88,11.87,11.86,11.89,11.9,11.91,100,3000,4200,2900,8300,2100,11.88
819,924,BRANIMACNOR6BR00,ANIM3,1621269429439016,11.88,11.87,11.86,11.89,11.9,11.91,100,3000,4200,2900,8300,2100,11.88
820,924,BRANIMACNOR6BR00,ANIM3,1621269450992343,11.89,11.88,11.87,11.9,11.91,11.92,100,5700,1300,3000,4100,2400,11.89
821,924,BRANIMACNOR6BR00,ANIM3,1621269450992366,11.89,11.88,11.87,11.9,11.91,11.92,100,5700,1300,3000,4100,2400,11.89
822,924,BRANIMACNOR6BR00,ANIM3,1621269450993221,11.88,11.87,11.86,11.9,11.91,11.92,5700,1300,4800,3000,3800,2400,11.89
823,924,BRANIMACNOR6BR00,ANIM3,1621269450993262,11.88,11.87,11.86,11.9,11.91,11.92,5700,1300,4800,3000,3500,2400,11.89
824,924,BRANIMACNOR6BR00,ANIM3,1621269450993400,11.89,11.88,11.87,11.9,11.91,11.92,400,5700,1300,3000,3500,2400,11.89
825,924,BRANIMACNOR6BR00,ANIM3,1621269450993419,11.89,11.88,11.87,11.9,11.91,11.92,400,5700,1300,3000,3500,2400,11.89
826,924,BRANIMACNOR6BR00,ANIM3,1621269463662512,11.88,11.87,11.86,11.9,11.91,11.92,1400,1400,4800,2300,2200,4000,11.89
827,924,BRANIMACNOR6BR00,ANIM3,1621269463664035,11.88,11.87,11.86,11.89,11.9,11.91,200,2000,4700,200,2300,2500,11.89
828,924,BRANIMACNOR6BR00,ANIM3,1621269467299466,11.87,11.86,11.85,11.89,11.9,11.91,500,5300,3700,1900,3200,3800,11.87
829,924,BRANIMACNOR6BR00,ANIM3,1621269467299577,11.87,11.86,11.85,11.89,11.9,11.91,500,5300,3700,1900,3200,3800,11.87
830,924,BRANIMACNOR6BR00,ANIM3,1621269467300450,11.87,11.86,11.85,11.89,11.9,11.91,500,4700,3700,1900,3200,3800,11.87
831,924,BRANIMACNOR6BR00,ANIM3,1621269467300481,11.87,11.86,11.85,11.89,11.9,11.91,500,4700,3700,1900,3200,3800,11.87
832,924,BRANIMACNOR6BR00,ANIM3,1621269467300500,11.87,11.86,11.85,11.89,11.9,11.91,500,3700,3700,1900,3200,3800,11.87
833,924,BRANIMACNOR6BR00,ANIM3,1621269467300519,11.87,11.86,11.85,11.89,11.9,11.91,500,3700,3700,1900,3200,3800,11.87
834,924,BRANIMACNOR6BR00,ANIM3,1621269467300660,11.87,11.86,11.85,11.89,11.9,11.91,500,3700,3700,1900,3200,3900,11.87
835,924,BRANIMACNOR6BR00,ANIM3,1621269467300678,11.87,11.86,11.85,11.89,11.9,11.91,500,3700,3700,1900,3200,3900,11.87
836,924,BRANIMACNOR6BR00,ANIM3,1621269467300735,11.87,11.86,11.85,11.89,11.9,11.91,500,3700,3700,1900,3400,3900,11.87
837,924,BRANIMACNOR6BR00,ANIM3,1621269467300753,11.87,11.86,11.85,11.89,11.9,11.91,500,3700,3700,1900,3400,3900,11.87
838,924,BRANIMACNOR6BR00,ANIM3,1621269467300810,11.87,11.86,11.85,11.89,11.9,11.91,500,3700,3700,2100,3400,3900,11.87
839,924,BRANIMACNOR6BR00,ANIM3,1621269467300831,11.87,11.86,11.85,11.89,11.9,11.91,500,3700,3700,2100,3400,3900,11.87
840,924,BRANIMACNOR6BR00,ANIM3,1621269467300896,11.87,11.86,11.85,11.89,11.9,11.91,500,3700,3700,2700,2800,3900,11.87
841,924,BRANIMACNOR6BR00,ANIM3,1621269467300925,11.87,11.86,11.85,11.89,11.9,11.91,500,3700,3700,2700,2800,3900,11.87
842,924,BRANIMACNOR6BR00,ANIM3,1621269467300935,11.87,11.86,11.85,11.89,11.9,11.91,500,3700,3700,2700,2800,4100,11.87
843,924,BRANIMACNOR6BR00,ANIM3,1621269467300964,11.87,11.86,11.85,11.89,11.9,11.91,500,3700,3700,2700,2800,4100,11.87
844,924,BRANIMACNOR6BR00,ANIM3,1621269467300975,11.87,11.86,11.85,11.88,11.89,11.9,500,3700,3700,300,2700,2800,11.87
845,924,BRANIMACNOR6BR00,ANIM3,1621269467300991,11.87,11.86,11.85,11.88,11.89,11.9,500,3700,3700,300,2700,2800,11.87
846,924,BRANIMACNOR6BR00,ANIM3,1621269467301510,11.87,11.86,11.85,11.88,11.89,11.9,500,3700,4300,300,2700,2800,11.87
847,924,BRANIMACNOR6BR00,ANIM3,1621269467301530,11.87,11.86,11.85,11.88,11.89,11.9,500,3700,4300,300,2700,2800,11.87
848,924,BRANIMACNOR6BR00,ANIM3,1621269467301858,11.87,11.86,11.85,11.88,11.89,11.9,500,3700,4300,800,2700,2800,11.87
849,924,BRANIMACNOR6BR00,ANIM3,1621269467301876,11.87,11.86,11.85,11.88,11.89,11.9,500,3700,4300,800,2700,2800,11.87
850,924,BRANIMACNOR6BR00,ANIM3,1621269467301969,11.87,11.86,11.85,11.88,11.89,11.9,500,3700,4300,900,2600,2800,11.87
851,924,BRANIMACNOR6BR00,ANIM3,1621269467302013,11.87,11.86,11.85,11.88,11.89,11.9,500,3700,4300,900,2600,2800,11.87
852,924,BRANIMACNOR6BR00,ANIM3,1621269467302025,11.87,11.86,11.85,11.88,11.89,11.9,600,3700,4300,900,2600,2800,11.87
853,924,BRANIMACNOR6BR00,ANIM3,1621269467302043,11.87,11.86,11.85,11.88,11.89,11.9,600,3700,4300,900,2600,2800,11.87
854,924,BRANIMACNOR6BR00,ANIM3,1621269467302135,11.87,11.86,11.85,11.88,11.89,11.9,600,1400,4300,900,2600,2800,11.87
855,924,BRANIMACNOR6BR00,ANIM3,1621269467302152,11.87,11.86,11.85,11.88,11.89,11.9,600,1400,4300,900,2600,2800,11.87
856,924,BRANIMACNOR6BR00,ANIM3,1621269467302335,11.87,11.86,11.85,11.88,11.89,11.9,600,1400,6600,900,2600,2800,11.87
857,924,BRANIMACNOR6BR00,ANIM3,1621269467302352,11.87,11.86,11.85,11.88,11.89,11.9,600,1400,6600,900,2600,2800,11.87
858,924,BRANIMACNOR6BR00,ANIM3,1621269467302594,11.87,11.86,11.85,11.88,11.89,11.9,600,1300,6600,900,2600,2800,11.87
859,924,BRANIMACNOR6BR00,ANIM3,1621269467302620,11.87,11.86,11.85,11.88,11.89,11.9,600,1300,6600,900,2600,2800,11.87
860,924,BRANIMACNOR6BR00,ANIM3,1621269467309898,11.87,11.86,11.85,11.88,11.89,11.9,600,1300,6600,900,2600,2800,11.87
861,924,BRANIMACNOR6BR00,ANIM3,1621269467309916,11.87,11.86,11.85,11.88,11.89,11.9,600,1300,6600,900,2600,2800,11.87
862,924,BRANIMACNOR6BR00,ANIM3,1621269467310757,11.87,11.86,11.85,11.88,11.89,11.9,700,1300,6600,900,2600,2800,11.87
863,924,BRANIMACNOR6BR00,ANIM3,1621269467310789,11.87,11.86,11.85,11.88,11.89,11.9,800,1300,6600,900,2600,2800,11.87
864,924,BRANIMACNOR6BR00,ANIM3,1621269467314782,11.87,11.86,11.85,11.88,11.89,11.9,800,1300,6600,900,2600,2900,11.87
865,924,BRANIMACNOR6BR00,ANIM3,1621269467314802,11.87,11.86,11.85,11.88,11.89,11.9,800,1300,6600,900,2600,2900,11.87
866,924,BRANIMACNOR6BR00,ANIM3,1621269467558969,11.87,11.86,11.85,11.88,11.89,11.9,800,3400,6600,900,2600,2900,11.87
