,MappingNumber,EsteeID,Ticker, CurrTimeInMicroSeconds, BP1, BP2, BP3, AP1, AP2, AP3, BQ1, BQ2, BQ3, AQ1, AQ2, AQ3, LTP
0,129,BRAALRACNOR6BR00,AALR3,1622478635893407,12.15,12.14,12.13,12.16,12.17,12.18,400,1000,1400,1300,100,1900,12.16
1,129,BRAALRACNOR6BR00,AALR3,1622478635894720,12.15,12.14,12.13,12.16,12.17,12.18,400,1000,1400,1400,100,1900,12.16
2,129,BRAALRACNOR6BR00,AALR3,1622478714249386,12.16,12.14,12.13,12.17,12.18,12.19,8400,500,1700,1700,1200,4800,12.16
3,129,BRAALRACNOR6BR00,AALR3,1622478714249587,12.16,12.14,12.13,12.17,12.18,12.19,8400,500,1700,1700,1200,4800,12.16
4,129,BRAALRACNOR6BR00,AALR3,1622478714250146,12.16,12.14,12.13,12.17,12.18,12.19,8400,100,1700,1700,1200,4800,12.16
5,129,BRAALRACNOR6BR00,AALR3,1622478714251412,12.16,12.15,12.14,12.17,12.18,12.19,1200,500,700,1300,1100,4800,12.16
6,129,BRAALRACNOR6BR00,AALR3,1622478714252627,12.14,12.13,12.12,12.16,12.17,12.18,100,1200,1100,600,1700,1100,12.16
7,129,BRAALRACNOR6BR00,AALR3,1622478714253980,12.14,12.13,12.12,12.16,12.17,12.18,500,1700,1100,800,2200,1200,12.16
8,129,BRAALRACNOR6BR00,AALR3,1622478725870445,12.14,12.13,12.12,12.17,12.18,12.19,900,1700,1100,1800,1200,4700,12.16
9,129,BRAALRACNOR6BR00,AALR3,1622478725870796,12.14,12.13,12.12,12.17,12.18,12.19,900,1700,1100,1800,1200,4700,12.16
10,129,BRAALRACNOR6BR00,AALR3,1622478725871084,12.14,12.13,12.12,12.17,12.18,12.19,900,1700,1100,1300,1200,4700,12.16
11,129,BRAALRACNOR6BR00,AALR3,1622478725872354,12.14,12.13,12.12,12.17,12.18,12.19,1300,1700,1100,700,1200,4800,12.16
12,129,BRAALRACNOR6BR00,AALR3,1622478789033393,12.15,12.14,12.13,12.17,12.18,12.19,900,1600,1200,100,2400,4800,12.17
13,129,BRAALRACNOR6BR00,AALR3,1622478789034719,12.15,12.14,12.13,12.18,12.19,12.2,900,1600,1200,2000,4800,5900,12.17
14,129,BRAALRACNOR6BR00,AALR3,1622478821443118,12.15,12.14,12.13,12.17,12.18,12.19,1100,1600,1200,200,2300,5300,12.17
15,129,BRAALRACNOR6BR00,AALR3,1622478821444451,12.15,12.14,12.13,12.17,12.18,12.19,1100,1600,1200,600,2300,4800,12.17
16,129,BRAALRACNOR6BR00,AALR3,1622478832789850,12.15,12.14,12.13,12.18,12.19,12.2,1100,1600,1200,2300,4800,6700,12.17
17,129,BRAALRACNOR6BR00,AALR3,1622478832790068,12.15,12.14,12.13,12.18,12.19,12.2,1100,1600,1200,2300,4800,6700,12.17
18,129,BRAALRACNOR6BR00,AALR3,1622478832790557,12.15,12.14,12.13,12.18,12.19,12.2,1100,1600,1200,1800,4800,6700,12.17
19,129,BRAALRACNOR6BR00,AALR3,1622478832791845,12.16,12.15,12.14,12.18,12.19,12.2,800,2000,1100,1900,5300,6700,12.17
20,129,BRAALRACNOR6BR00,AALR3,1622478863355637,12.16,12.15,12.14,12.19,12.2,12.21,1400,1600,1100,4700,7200,1800,12.18
21,129,BRAALRACNOR6BR00,AALR3,1622478863356131,12.16,12.15,12.14,12.19,12.2,12.21,1400,1600,1100,4600,7200,1800,12.18
22,129,BRAALRACNOR6BR00,AALR3,1622478863357456,12.17,12.16,12.15,12.18,12.19,12.2,400,1800,1600,100,3500,7200,12.18
23,129,BRAALRACNOR6BR00,AALR3,1622478863357528,12.17,12.16,12.15,12.18,12.19,12.2,700,1800,1600,100,3500,7200,12.18
24,129,BRAALRACNOR6BR00,AALR3,1622478863358681,12.17,12.16,12.15,12.19,12.2,12.21,700,2300,1100,3600,7200,1900,12.18
25,129,BRAALRACNOR6BR00,AALR3,1622478912022640,12.17,12.16,12.15,12.2,12.21,12.22,1000,2000,2700,7200,1900,1000,12.19
26,129,BRAALRACNOR6BR00,AALR3,1622478912023554,12.17,12.16,12.15,12.2,12.21,12.22,1000,2000,2700,6700,1900,1000,12.19
27,129,BRAALRACNOR6BR00,AALR3,1622478912025097,12.18,12.17,12.16,12.19,12.2,12.21,1000,1000,2000,100,6600,2400,12.19
28,129,BRAALRACNOR6BR00,AALR3,1622478912025149,12.18,12.17,12.16,12.19,12.2,12.21,1000,1500,1500,100,6600,2400,12.19
29,129,BRAALRACNOR6BR00,AALR3,1622478912026417,12.18,12.17,12.16,12.2,12.21,12.22,400,2100,1500,6600,2300,1100,12.19
30,129,BRAALRACNOR6BR00,AALR3,1622478944624062,12.18,12.17,12.16,12.19,12.2,12.21,500,2000,2000,900,6400,2300,12.19
31,129,BRAALRACNOR6BR00,AALR3,1622478944625981,12.18,12.17,12.16,12.19,12.2,12.21,500,2000,2000,1000,6300,2300,12.19
32,129,BRAALRACNOR6BR00,AALR3,1622478944891934,12.18,12.17,12.16,12.2,12.21,12.22,900,2500,1500,6300,2300,1100,12.19
33,129,BRAALRACNOR6BR00,AALR3,1622478944897368,12.18,12.17,12.16,12.2,12.21,12.22,1900,2500,1500,6300,2300,1100,12.19
34,129,BRAALRACNOR6BR00,AALR3,1622478944898655,12.18,12.17,12.16,12.2,12.21,12.22,1900,2500,1500,6300,1800,1100,12.19
35,129,BRAALRACNOR6BR00,AALR3,1622478944900400,12.18,12.17,12.16,12.21,12.22,12.23,1900,2500,1500,1800,1600,3500,12.2
36,129,BRAALRACNOR6BR00,AALR3,1622478944900701,12.18,12.17,12.16,12.21,12.22,12.23,1900,2500,1500,1800,1600,3500,12.2
37,129,BRAALRACNOR6BR00,AALR3,1622478944901249,12.18,12.17,12.16,12.21,12.22,12.23,1900,2500,1500,1700,1600,3500,12.2
38,129,BRAALRACNOR6BR00,AALR3,1622478944902748,12.19,12.18,12.17,12.21,12.22,12.23,1300,2900,2000,1100,1000,3500,12.2
39,129,BRAALRACNOR6BR00,AALR3,1622478946422812,12.19,12.18,12.17,12.22,12.23,12.24,2800,2400,2000,1000,1200,900,12.21
40,129,BRAALRACNOR6BR00,AALR3,1622478946423066,12.19,12.18,12.17,12.22,12.23,12.24,2800,2400,2000,1000,1200,900,12.21
41,129,BRAALRACNOR6BR00,AALR3,1622478946423777,12.19,12.18,12.17,12.22,12.23,12.24,2800,2400,2000,900,1200,900,12.21
42,129,BRAALRACNOR6BR00,AALR3,1622478946425221,12.2,12.19,12.18,12.22,12.23,12.24,900,2800,2400,300,1100,900,12.21
43,129,BRAALRACNOR6BR00,AALR3,1622478953612844,12.2,12.19,12.18,12.22,12.23,12.24,3000,2400,2300,100,1100,1400,12.22
44,129,BRAALRACNOR6BR00,AALR3,1622478953614160,12.2,12.19,12.18,12.23,12.24,12.25,3000,2400,2300,1000,900,3700,12.22
45,129,BRAALRACNOR6BR00,AALR3,1622478953614766,12.2,12.19,12.18,12.23,12.24,12.25,3000,2400,2300,500,900,3700,12.22
46,129,BRAALRACNOR6BR00,AALR3,1622478953616407,12.21,12.2,12.19,12.23,12.24,12.25,700,3000,2400,100,800,4200,12.22
47,129,BRAALRACNOR6BR00,AALR3,1622478953616596,12.21,12.2,12.19,12.23,12.24,12.25,700,3000,2400,100,700,4200,12.22
48,129,BRAALRACNOR6BR00,AALR3,1622478953617861,12.21,12.2,12.19,12.23,12.24,12.25,700,2500,2400,300,1200,4200,12.22
49,129,BRAALRACNOR6BR00,AALR3,1622478953621019,12.21,12.2,12.19,12.23,12.24,12.25,1700,2500,2400,300,1200,4200,12.22
50,129,BRAALRACNOR6BR00,AALR3,1622478953622299,12.21,12.2,12.19,12.23,12.24,12.25,1700,3000,2400,400,700,4200,12.22
51,129,BRAALRACNOR6BR00,AALR3,1622478955596869,12.21,12.2,12.19,12.23,12.24,12.25,1800,2000,2400,100,700,4200,12.22
52,129,BRAALRACNOR6BR00,AALR3,1622478955598185,12.21,12.2,12.19,12.24,12.25,12.26,2300,1600,2400,800,4200,4800,12.22
53,129,BRAALRACNOR6BR00,AALR3,1622478964477088,12.19,12.18,12.17,12.2,12.24,12.25,2400,3600,3400,1100,1200,4200,12.2
54,129,BRAALRACNOR6BR00,AALR3,1622478964478764,12.19,12.18,12.17,12.2,12.22,12.23,1500,3600,3400,100,600,1100,12.2
55,129,BRAALRACNOR6BR00,AALR3,1622478964478972,12.19,12.18,12.17,12.2,12.22,12.23,1500,3600,3400,100,600,1200,12.2
56,129,BRAALRACNOR6BR00,AALR3,1622478964479853,12.2,12.19,12.18,12.22,12.23,12.24,400,1500,3600,700,1200,1100,12.2
57,129,BRAALRACNOR6BR00,AALR3,1622478964486563,12.2,12.19,12.18,12.22,12.23,12.24,400,1500,3600,700,1700,1100,12.2
58,129,BRAALRACNOR6BR00,AALR3,1622478964487876,12.2,12.19,12.18,12.22,12.23,12.24,300,1500,3600,1200,1300,1200,12.2
59,129,BRAALRACNOR6BR00,AALR3,1622478970297852,12.2,12.19,12.18,12.22,12.23,12.24,2000,4100,3800,100,700,1700,12.22
60,129,BRAALRACNOR6BR00,AALR3,1622478970299174,12.2,12.19,12.18,12.23,12.24,12.25,2900,4100,3800,800,1700,3700,12.22
61,129,BRAALRACNOR6BR00,AALR3,1622478988770703,12.2,12.19,12.18,12.22,12.23,12.24,2500,2600,3800,1000,1200,1600,12.22
62,129,BRAALRACNOR6BR00,AALR3,1622478988771894,12.2,12.19,12.18,12.22,12.23,12.24,2500,2600,3800,1100,700,1600,12.22
63,129,BRAALRACNOR6BR00,AALR3,1622479054828077,12.19,12.18,12.17,12.21,12.22,12.23,1500,3800,1100,600,1700,1300,12.2
64,129,BRAALRACNOR6BR00,AALR3,1622479054829531,12.19,12.18,12.17,12.21,12.22,12.23,1000,4300,1100,1500,2500,800,12.2
65,129,BRAALRACNOR6BR00,AALR3,1622479054830450,12.19,12.18,12.17,12.2,12.21,12.22,1000,2200,1100,400,1500,2500,12.2
66,129,BRAALRACNOR6BR00,AALR3,1622479054831866,12.19,12.18,12.17,12.2,12.21,12.22,1000,1100,1100,500,1400,2500,12.2
67,129,BRAALRACNOR6BR00,AALR3,1622479088611777,12.2,12.18,12.17,12.21,12.22,12.23,2300,600,3100,1600,3100,900,12.2
68,129,BRAALRACNOR6BR00,AALR3,1622479088612026,12.2,12.18,12.17,12.21,12.22,12.23,2300,600,3100,1600,3100,900,12.2
69,129,BRAALRACNOR6BR00,AALR3,1622479088612420,12.2,12.18,12.17,12.21,12.22,12.23,2300,600,3100,1100,3100,900,12.2
70,129,BRAALRACNOR6BR00,AALR3,1622479088613760,12.2,12.18,12.17,12.21,12.22,12.23,2300,1500,2600,800,2600,1400,12.2
71,129,BRAALRACNOR6BR00,AALR3,1622479099703635,12.2,12.19,12.18,12.21,12.22,12.23,2600,600,1200,100,2600,1400,12.2
72,129,BRAALRACNOR6BR00,AALR3,1622479099705045,12.2,12.19,12.18,12.22,12.23,12.24,2600,1200,700,2300,1400,5900,12.2
73,129,BRAALRACNOR6BR00,AALR3,1622479154602915,12.2,12.19,12.18,12.21,12.22,12.23,2200,600,800,400,2500,1300,12.2
74,129,BRAALRACNOR6BR00,AALR3,1622479154604519,12.2,12.19,12.18,12.21,12.22,12.23,2200,100,800,500,3000,1300,12.2
75,129,BRAALRACNOR6BR00,AALR3,1622479168607690,12.2,12.19,12.18,12.21,12.22,12.23,2300,700,1300,100,2600,1300,12.21
76,129,BRAALRACNOR6BR00,AALR3,1622479168608935,12.2,12.19,12.18,12.22,12.23,12.24,2300,700,1300,2700,1300,1300,12.21
77,129,BRAALRACNOR6BR00,AALR3,1622479194433107,12.2,12.19,12.18,12.23,12.24,12.25,2400,1200,1700,700,1800,4900,12.22
78,129,BRAALRACNOR6BR00,AALR3,1622479194433379,12.2,12.19,12.18,12.23,12.24,12.25,2400,1200,1700,700,1800,4900,12.22
79,129,BRAALRACNOR6BR00,AALR3,1622479194433968,12.2,12.19,12.18,12.23,12.24,12.25,2400,1200,1700,1100,1800,4900,12.22
80,129,BRAALRACNOR6BR00,AALR3,1622479194435293,12.21,12.2,12.19,12.23,12.24,12.25,400,2800,1200,1200,1800,4900,12.22
81,129,BRAALRACNOR6BR00,AALR3,1622479204680862,12.21,12.2,12.19,12.23,12.24,12.25,600,4400,800,100,1300,4800,12.22
82,129,BRAALRACNOR6BR00,AALR3,1622479204682083,12.21,12.2,12.19,12.24,12.25,12.26,600,3900,800,1400,4800,6700,12.22
83,129,BRAALRACNOR6BR00,AALR3,1622479204683674,12.21,12.2,12.19,12.23,12.24,12.25,600,3900,800,400,1300,4800,12.22
84,129,BRAALRACNOR6BR00,AALR3,1622479204685034,12.21,12.2,12.19,12.23,12.24,12.25,600,3900,800,800,1700,4800,12.22
85,129,BRAALRACNOR6BR00,AALR3,1622479223414577,12.2,12.19,12.18,12.22,12.23,12.24,2800,1100,1700,600,1600,1700,12.22
86,129,BRAALRACNOR6BR00,AALR3,1622479223415951,12.2,12.19,12.18,12.22,12.23,12.24,2800,1100,1700,1300,1700,1200,12.22
87,129,BRAALRACNOR6BR00,AALR3,1622479249917081,12.19,12.18,12.17,12.2,12.22,12.23,500,1700,2600,1400,1000,1700,12.2
88,129,BRAALRACNOR6BR00,AALR3,1622479249918772,12.18,12.17,12.16,12.2,12.21,12.22,700,2600,5800,1800,600,1100,12.2
89,129,BRAALRACNOR6BR00,AALR3,1622479358678151,12.2,12.19,12.18,12.22,12.23,12.24,1100,6300,1500,700,2200,4800,12.2
90,129,BRAALRACNOR6BR00,AALR3,1622479358678305,12.2,12.19,12.18,12.22,12.23,12.24,1100,6300,1500,700,2200,4800,12.2
91,129,BRAALRACNOR6BR00,AALR3,1622479358679118,12.2,12.19,12.18,12.22,12.23,12.24,1100,6300,1600,700,2200,4800,12.2
92,129,BRAALRACNOR6BR00,AALR3,1622479358680332,12.2,12.19,12.18,12.21,12.22,12.23,1100,6800,1100,100,1100,2200,12.2
93,129,BRAALRACNOR6BR00,AALR3,1622479432890645,12.2,12.19,12.18,12.21,12.22,12.23,8400,700,1700,100,700,1800,12.21
94,129,BRAALRACNOR6BR00,AALR3,1622479432891409,12.2,12.19,12.18,12.21,12.22,12.23,8400,1200,1200,100,700,1800,12.21
95,129,BRAALRACNOR6BR00,AALR3,1622479432892605,12.2,12.19,12.18,12.21,12.22,12.23,8400,1200,1200,200,700,1800,12.21
96,129,BRAALRACNOR6BR00,AALR3,1622479446497039,12.2,12.19,12.18,12.21,12.22,12.23,8400,1200,1200,200,100,1800,12.21
97,129,BRAALRACNOR6BR00,AALR3,1622479446498337,12.2,12.19,12.18,12.21,12.22,12.23,8400,1200,1200,100,200,1800,12.21
98,129,BRAALRACNOR6BR00,AALR3,1622479449817823,12.2,12.19,12.18,12.21,12.22,12.23,8800,1200,1200,500,200,2000,12.21
99,129,BRAALRACNOR6BR00,AALR3,1622479449819226,12.2,12.19,12.18,12.21,12.22,12.23,8400,1200,1200,600,100,2000,12.21
100,129,BRAALRACNOR6BR00,AALR3,1622479452106425,12.2,12.19,12.18,12.21,12.22,12.23,8400,1200,1200,200,100,2000,12.21
101,129,BRAALRACNOR6BR00,AALR3,1622479452107876,12.2,12.19,12.18,12.21,12.22,12.23,8400,1200,1200,100,200,2000,12.21
102,129,BRAALRACNOR6BR00,AALR3,1622479452525029,12.2,12.19,12.18,12.21,12.22,12.23,8400,1200,1200,100,300,2000,12.21
103,129,BRAALRACNOR6BR00,AALR3,1622479452526401,12.2,12.19,12.18,12.21,12.22,12.23,8400,1200,1200,200,200,2000,12.21
104,129,BRAALRACNOR6BR00,AALR3,1622479452986702,12.21,12.2,12.19,12.22,12.23,12.24,5800,2400,1200,200,2000,900,12.21
105,129,BRAALRACNOR6BR00,AALR3,1622479452986953,12.21,12.2,12.19,12.22,12.23,12.24,5800,2400,1200,200,2000,900,12.21
106,129,BRAALRACNOR6BR00,AALR3,1622479452987384,12.21,12.2,12.19,12.22,12.23,12.24,5800,2400,1200,200,1500,900,12.21
107,129,BRAALRACNOR6BR00,AALR3,1622479452988591,12.21,12.2,12.19,12.22,12.23,12.24,5800,2400,1200,200,1500,900,12.21
108,129,BRAALRACNOR6BR00,AALR3,1622479467135922,12.2,12.19,12.18,12.21,12.22,12.23,2200,1200,1200,800,200,1500,12.21
109,129,BRAALRACNOR6BR00,AALR3,1622479467137434,12.19,12.18,12.17,12.21,12.22,12.23,700,1200,5700,1500,800,2000,12.2
110,129,BRAALRACNOR6BR00,AALR3,1622479467137749,12.19,12.18,12.17,12.21,12.22,12.23,700,1700,5700,1500,800,2000,12.2
111,129,BRAALRACNOR6BR00,AALR3,1622479467138957,12.18,12.17,12.16,12.2,12.21,12.22,400,5700,1200,700,1500,1300,12.2
112,129,BRAALRACNOR6BR00,AALR3,1622479467139366,12.18,12.17,12.16,12.2,12.21,12.22,300,5700,1200,700,1500,1300,12.2
113,129,BRAALRACNOR6BR00,AALR3,1622479467140627,12.17,12.16,12.15,12.19,12.2,12.21,5600,1200,6800,100,300,2000,12.2
114,129,BRAALRACNOR6BR00,AALR3,1622479467142955,12.18,12.17,12.16,12.2,12.21,12.22,500,5600,1200,900,2000,800,12.19
115,129,BRAALRACNOR6BR00,AALR3,1622479467143470,12.18,12.17,12.16,12.2,12.21,12.22,500,5600,1200,300,2000,800,12.19
116,129,BRAALRACNOR6BR00,AALR3,1622479467144667,12.18,12.17,12.16,12.2,12.21,12.22,500,5600,1200,100,2000,800,12.19
117,129,BRAALRACNOR6BR00,AALR3,1622479479501386,12.18,12.17,12.16,12.21,12.22,12.23,1200,1500,1200,2000,800,1500,12.2
118,129,BRAALRACNOR6BR00,AALR3,1622479479502288,12.18,12.17,12.16,12.21,12.22,12.23,1200,1500,1200,1500,800,1500,12.2
119,129,BRAALRACNOR6BR00,AALR3,1622479479503624,12.19,12.18,12.17,12.2,12.21,12.22,200,1600,1500,100,900,800,12.2
120,129,BRAALRACNOR6BR00,AALR3,1622479502476266,12.19,12.18,12.17,12.21,12.22,12.23,600,400,1500,2000,800,1500,12.2
121,129,BRAALRACNOR6BR00,AALR3,1622479502476735,12.19,12.18,12.17,12.21,12.22,12.23,600,400,1500,1500,800,1500,12.2
122,129,BRAALRACNOR6BR00,AALR3,1622479502478059,12.19,12.18,12.17,12.2,12.21,12.22,600,1000,1500,100,900,800,12.2
123,129,BRAALRACNOR6BR00,AALR3,1622479509576332,12.19,12.18,12.17,12.21,12.22,12.23,600,1000,1500,900,800,1500,12.2
124,129,BRAALRACNOR6BR00,AALR3,1622479512982240,12.19,12.18,12.17,12.2,12.21,12.22,600,1000,1500,100,900,700,12.2
125,129,BRAALRACNOR6BR00,AALR3,1622479512983688,12.19,12.18,12.17,12.2,12.21,12.22,600,1000,1500,200,900,700,12.2
126,129,BRAALRACNOR6BR00,AALR3,1622479516732334,12.19,12.18,12.17,12.21,12.22,12.23,600,1000,1500,900,700,1500,12.2
127,132,BRABCBACNPR4BR00,ABCB4,1622478632765186,17.1,17.09,17.08,17.11,17.12,17.13,1600,400,1000,1000,600,2800,17.1
128,132,BRABCBACNPR4BR00,ABCB4,1622478632766454,17.1,17.09,17.08,17.11,17.12,17.13,1600,400,1000,1100,600,2800,17.1
129,132,BRABCBACNPR4BR00,ABCB4,1622478664993383,17.1,17.09,17.08,17.12,17.13,17.14,1900,400,1200,400,2800,3200,17.11
130,132,BRABCBACNPR4BR00,ABCB4,1622478664993637,17.1,17.09,17.08,17.12,17.13,17.14,1900,400,1200,400,2800,3200,17.11
131,132,BRABCBACNPR4BR00,ABCB4,1622478664994128,17.1,17.09,17.08,17.12,17.13,17.14,1900,400,1200,400,2800,2900,17.11
132,132,BRABCBACNPR4BR00,ABCB4,1622478664995429,17.11,17.1,17.09,17.12,17.13,17.14,300,2000,400,200,2600,2700,17.11
133,132,BRABCBACNPR4BR00,ABCB4,1622478666011238,17.11,17.1,17.09,17.12,17.13,17.14,300,1600,400,100,2600,2900,17.11
134,132,BRABCBACNPR4BR00,ABCB4,1622478666012581,17.11,17.1,17.09,17.13,17.14,17.15,300,1600,600,2700,2900,24700,17.11
135,132,BRABCBACNPR4BR00,ABCB4,1622478667226431,17.1,17.09,17.08,17.12,17.13,17.14,1000,500,1000,300,1700,2500,17.1
136,132,BRABCBACNPR4BR00,ABCB4,1622478667227842,17.1,17.09,17.08,17.12,17.13,17.14,1300,500,1200,800,1800,3100,17.1
137,132,BRABCBACNPR4BR00,ABCB4,1622478845020761,17.1,17.09,17.08,17.12,17.13,17.14,1300,1000,1600,2600,1500,3100,17.1
138,132,BRABCBACNPR4BR00,ABCB4,1622478845022040,17.1,17.09,17.08,17.11,17.12,17.13,1100,1000,1300,100,2600,1500,17.1
139,132,BRABCBACNPR4BR00,ABCB4,1622478845037824,17.1,17.09,17.08,17.12,17.13,17.14,1000,800,900,2700,1700,3200,17.11
140,132,BRABCBACNPR4BR00,ABCB4,1622478845038136,17.1,17.09,17.08,17.12,17.13,17.14,1000,800,900,2700,1700,3000,17.11
141,132,BRABCBACNPR4BR00,ABCB4,1622478845039389,17.1,17.09,17.08,17.11,17.12,17.13,1100,500,1100,100,2700,1700,17.11
142,132,BRABCBACNPR4BR00,ABCB4,1622478884783152,17.1,17.09,17.08,17.11,17.12,17.13,1200,500,900,2500,400,1700,17.11
143,132,BRABCBACNPR4BR00,ABCB4,1622478884783912,17.1,17.09,17.08,17.11,17.12,17.13,1200,500,1100,2500,400,1700,17.11
144,132,BRABCBACNPR4BR00,ABCB4,1622478884785221,17.1,17.09,17.08,17.11,17.12,17.13,1200,500,1500,2600,400,1700,17.11
145,132,BRABCBACNPR4BR00,ABCB4,1622478950002216,17.1,17.09,17.08,17.12,17.13,17.14,2300,600,1300,100,1500,3200,17.11
146,132,BRABCBACNPR4BR00,ABCB4,1622478950002470,17.1,17.09,17.08,17.12,17.13,17.14,2300,600,1300,100,1500,3200,17.11
147,132,BRABCBACNPR4BR00,ABCB4,1622478950002714,17.1,17.09,17.08,17.13,17.14,17.15,2300,600,1300,1500,3200,22500,17.11
148,132,BRABCBACNPR4BR00,ABCB4,1622478950004351,17.11,17.1,17.09,17.12,17.13,17.14,600,2500,800,100,1100,2500,17.11
149,132,BRABCBACNPR4BR00,ABCB4,1622478950532536,17.11,17.1,17.09,17.13,17.14,17.15,700,2400,800,1100,2500,22900,17.12
150,132,BRABCBACNPR4BR00,ABCB4,1622478950532941,17.11,17.1,17.09,17.13,17.14,17.15,700,2400,800,1100,2400,22900,17.12
151,132,BRABCBACNPR4BR00,ABCB4,1622478950534250,17.11,17.1,17.09,17.13,17.14,17.15,700,2600,600,1200,2400,22900,17.12
152,132,BRABCBACNPR4BR00,ABCB4,1622478999334683,17.11,17.1,17.09,17.13,17.14,17.15,600,3100,300,700,2200,21900,17.13
153,132,BRABCBACNPR4BR00,ABCB4,1622478999336432,17.11,17.1,17.09,17.12,17.13,17.14,600,2500,300,100,600,2200,17.13
154,132,BRABCBACNPR4BR00,ABCB4,1622478999397788,17.11,17.1,17.09,17.13,17.14,17.15,600,2500,500,600,3000,21700,17.12
155,132,BRABCBACNPR4BR00,ABCB4,1622478999398656,17.11,17.1,17.09,17.13,17.14,17.15,600,2500,500,600,2800,21700,17.12
156,132,BRABCBACNPR4BR00,ABCB4,1622478999400663,17.11,17.1,17.09,17.13,17.14,17.15,600,2500,500,700,2200,21700,17.12
157,132,BRABCBACNPR4BR00,ABCB4,1622479000362492,17.11,17.1,17.09,17.12,17.13,17.14,1100,2700,300,300,300,2200,17.12
158,132,BRABCBACNPR4BR00,ABCB4,1622479000363984,17.11,17.1,17.09,17.12,17.13,17.14,1100,2500,300,400,200,2300,17.12
159,132,BRABCBACNPR4BR00,ABCB4,1622479019083211,17.11,17.1,17.09,17.12,17.13,17.14,100,2700,500,100,400,2700,17.11
160,132,BRABCBACNPR4BR00,ABCB4,1622479019084552,17.11,17.1,17.09,17.13,17.14,17.15,100,2700,500,700,2900,21500,17.11
161,132,BRABCBACNPR4BR00,ABCB4,1622479047880742,17.1,17.09,17.08,17.12,17.13,17.14,2400,500,1200,300,1000,3000,17.12
162,132,BRABCBACNPR4BR00,ABCB4,1622479047882385,17.1,17.09,17.08,17.12,17.13,17.14,2300,300,1200,700,1200,3000,17.12
163,132,BRABCBACNPR4BR00,ABCB4,1622479047990077,17.1,17.09,17.08,17.12,17.13,17.14,2800,300,1400,100,900,3000,17.12
164,132,BRABCBACNPR4BR00,ABCB4,1622479047991452,17.11,17.1,17.09,17.13,17.14,17.15,300,2800,300,1000,3000,21700,17.12
165,132,BRABCBACNPR4BR00,ABCB4,1622479057098506,17.11,17.1,17.09,17.12,17.13,17.14,400,2400,500,500,500,3000,17.12
166,132,BRABCBACNPR4BR00,ABCB4,1622479057099899,17.11,17.1,17.09,17.12,17.13,17.14,400,2400,500,600,400,3100,17.12
167,132,BRABCBACNPR4BR00,ABCB4,1622479082104975,17.11,17.1,17.09,17.12,17.13,17.14,100,2400,500,100,400,3100,17.11
168,132,BRABCBACNPR4BR00,ABCB4,1622479082106426,17.11,17.1,17.09,17.13,17.14,17.15,100,2400,300,500,3100,21700,17.11
169,132,BRABCBACNPR4BR00,ABCB4,1622479106956279,17.11,17.1,17.09,17.13,17.14,17.15,100,2400,500,800,3100,21700,17.12
170,132,BRABCBACNPR4BR00,ABCB4,1622479106957719,17.11,17.1,17.09,17.12,17.13,17.14,100,2400,500,100,700,3500,17.12
171,132,BRABCBACNPR4BR00,ABCB4,1622479119606144,17.1,17.09,17.08,17.12,17.13,17.14,2400,300,1400,600,400,3100,17.11
172,132,BRABCBACNPR4BR00,ABCB4,1622479119607598,17.1,17.09,17.08,17.11,17.12,17.13,2300,300,1400,100,600,400,17.11
173,132,BRABCBACNPR4BR00,ABCB4,1622479119624240,17.1,17.09,17.08,17.12,17.13,17.14,2300,300,1100,600,700,3200,17.11
174,132,BRABCBACNPR4BR00,ABCB4,1622479119624663,17.1,17.09,17.08,17.12,17.13,17.14,2300,300,1100,500,700,3200,17.11
175,132,BRABCBACNPR4BR00,ABCB4,1622479119625954,17.1,17.09,17.08,17.11,17.12,17.13,2400,300,1100,100,500,400,17.11
176,132,BRABCBACNPR4BR00,ABCB4,1622479119686574,17.1,17.09,17.08,17.12,17.13,17.14,2400,300,1100,500,400,3400,17.11
177,132,BRABCBACNPR4BR00,ABCB4,1622479119748690,17.11,17.1,17.09,17.12,17.13,17.14,100,2400,300,500,400,3400,17.11
178,132,BRABCBACNPR4BR00,ABCB4,1622479119749893,17.11,17.1,17.09,17.12,17.13,17.14,100,2400,500,600,400,3100,17.11
179,132,BRABCBACNPR4BR00,ABCB4,1622479135565664,17.1,17.09,17.08,17.12,17.13,17.14,2600,500,1200,600,400,3100,17.11
180,132,BRABCBACNPR4BR00,ABCB4,1622479135567071,17.1,17.09,17.08,17.11,17.12,17.13,2600,300,900,100,500,400,17.11
181,132,BRABCBACNPR4BR00,ABCB4,1622479138348345,17.1,17.09,17.08,17.11,17.12,17.13,2700,300,1100,400,100,700,17.11
182,132,BRABCBACNPR4BR00,ABCB4,1622479138348762,17.1,17.09,17.08,17.11,17.12,17.13,2700,300,1100,400,100,500,17.11
183,132,BRABCBACNPR4BR00,ABCB4,1622479138350251,17.1,17.09,17.08,17.11,17.12,17.13,2700,300,1100,300,100,500,17.11
184,132,BRABCBACNPR4BR00,ABCB4,1622479143126050,17.1,17.09,17.08,17.11,17.12,17.13,2500,300,1100,100,100,500,17.1
185,132,BRABCBACNPR4BR00,ABCB4,1622479143127330,17.1,17.09,17.08,17.12,17.13,17.14,2500,300,1100,300,800,3000,17.1
186,132,BRABCBACNPR4BR00,ABCB4,1622479170350340,17.11,17.1,17.09,17.12,17.13,17.14,100,2200,500,500,400,3000,17.12
187,132,BRABCBACNPR4BR00,ABCB4,1622479170470947,17.11,17.1,17.09,17.12,17.13,17.14,100,2200,500,500,400,3000,17.12
188,132,BRABCBACNPR4BR00,ABCB4,1622479170472230,17.11,17.1,17.09,17.12,17.13,17.14,100,2200,500,600,400,3000,17.12
189,132,BRABCBACNPR4BR00,ABCB4,1622479206143308,17.1,17.09,17.08,17.12,17.13,17.14,2200,500,900,100,300,2900,17.11
190,132,BRABCBACNPR4BR00,ABCB4,1622479206144790,17.1,17.09,17.08,17.12,17.13,17.14,2100,300,900,100,400,2900,17.11
191,132,BRABCBACNPR4BR00,ABCB4,1622479206145167,17.1,17.09,17.08,17.12,17.13,17.14,2100,300,1100,100,400,2900,17.11
192,132,BRABCBACNPR4BR00,ABCB4,1622479206146347,17.1,17.09,17.08,17.12,17.13,17.14,2100,300,1100,200,300,2900,17.11
193,132,BRABCBACNPR4BR00,ABCB4,1622479206486371,17.11,17.1,17.09,17.12,17.13,17.14,100,2200,300,100,400,2900,17.11
194,132,BRABCBACNPR4BR00,ABCB4,1622479206487639,17.11,17.1,17.09,17.13,17.14,17.15,100,2200,300,500,2900,21500,17.11
195,132,BRABCBACNPR4BR00,ABCB4,1622479213511393,17.11,17.1,17.09,17.12,17.13,17.14,100,2200,500,100,1200,2900,17.11
196,132,BRABCBACNPR4BR00,ABCB4,1622479213512759,17.11,17.1,17.09,17.12,17.13,17.14,100,2200,300,300,800,2900,17.11
197,132,BRABCBACNPR4BR00,ABCB4,1622479214932586,17.11,17.1,17.09,17.12,17.13,17.14,100,2200,300,100,800,2900,17.11
198,132,BRABCBACNPR4BR00,ABCB4,1622479214936645,17.11,17.1,17.09,17.13,17.14,17.15,100,2200,300,900,2900,21500,17.11
199,132,BRABCBACNPR4BR00,ABCB4,1622479231941268,17.11,17.1,17.09,17.12,17.13,17.14,100,2200,500,200,1400,2900,17.11
200,132,BRABCBACNPR4BR00,ABCB4,1622479231942752,17.11,17.1,17.09,17.12,17.13,17.14,100,2200,500,900,900,2900,17.11
201,132,BRABCBACNPR4BR00,ABCB4,1622479362163796,17.1,17.09,17.08,17.12,17.13,17.14,1800,500,900,900,400,1600,17.11
202,132,BRABCBACNPR4BR00,ABCB4,1622479362165068,17.1,17.09,17.08,17.11,17.12,17.13,1800,500,900,100,900,400,17.11
203,132,BRABCBACNPR4BR00,ABCB4,1622479413436727,17.1,17.09,17.08,17.11,17.12,17.13,1400,300,500,600,100,700,17.11
204,132,BRABCBACNPR4BR00,ABCB4,1622479413437455,17.1,17.09,17.08,17.11,17.12,17.13,1400,300,700,600,100,700,17.11
205,132,BRABCBACNPR4BR00,ABCB4,1622479413438675,17.1,17.09,17.08,17.11,17.13,17.14,1400,300,1200,700,700,1400,17.11
206,132,BRABCBACNPR4BR00,ABCB4,1622479444217011,17.1,17.09,17.08,17.11,17.13,17.14,1100,300,1200,100,700,1400,17.1
207,132,BRABCBACNPR4BR00,ABCB4,1622479444218827,17.1,17.09,17.08,17.12,17.13,17.14,1100,300,1200,200,700,1400,17.1
208,132,BRABCBACNPR4BR00,ABCB4,1622479473457662,17.11,17.1,17.09,17.12,17.13,17.14,100,700,300,400,500,1600,17.12
209,132,BRABCBACNPR4BR00,ABCB4,1622479473578133,17.11,17.1,17.09,17.12,17.13,17.14,100,700,300,400,500,1600,17.12
210,132,BRABCBACNPR4BR00,ABCB4,1622479473579612,17.11,17.1,17.09,17.12,17.13,17.14,100,700,300,500,500,1600,17.12
211,132,BRABCBACNPR4BR00,ABCB4,1622479474777187,17.1,17.09,17.08,17.12,17.13,17.14,700,300,1500,500,500,1600,17.11
212,132,BRABCBACNPR4BR00,ABCB4,1622479474778559,17.1,17.09,17.08,17.11,17.12,17.13,600,300,1500,100,500,500,17.11
213,132,BRABCBACNPR4BR00,ABCB4,1622479474834378,17.1,17.09,17.08,17.12,17.13,17.14,600,300,800,500,700,1400,17.11
214,132,BRABCBACNPR4BR00,ABCB4,1622479474835013,17.1,17.09,17.08,17.12,17.13,17.14,600,300,1000,500,700,1400,17.11
215,132,BRABCBACNPR4BR00,ABCB4,1622479474836203,17.1,17.09,17.08,17.11,17.12,17.13,600,300,1000,100,500,700,17.11
216,132,BRABCBACNPR4BR00,ABCB4,1622479474901644,17.1,17.09,17.08,17.12,17.13,17.14,600,300,1000,400,1000,1400,17.11
217,132,BRABCBACNPR4BR00,ABCB4,1622479474902080,17.1,17.09,17.08,17.12,17.13,17.14,600,300,1000,400,700,1400,17.11
218,132,BRABCBACNPR4BR00,ABCB4,1622479474903309,17.1,17.09,17.08,17.11,17.12,17.13,600,300,1000,100,400,700,17.11
219,132,BRABCBACNPR4BR00,ABCB4,1622479474959101,17.1,17.09,17.08,17.12,17.13,17.14,600,300,1000,400,700,1400,17.11
220,132,BRABCBACNPR4BR00,ABCB4,1622479474959584,17.1,17.09,17.08,17.12,17.13,17.14,600,300,1000,400,500,1400,17.11
221,132,BRABCBACNPR4BR00,ABCB4,1622479474960851,17.1,17.09,17.08,17.11,17.12,17.13,600,300,1000,100,400,500,17.11
222,132,BRABCBACNPR4BR00,ABCB4,1622479495946057,17.1,17.09,17.08,17.11,17.12,17.13,500,600,800,400,200,700,17.11
223,140,BRABEVACNOR1BR00,ABEV3,1622478629157610,17.93,17.92,17.91,17.94,17.95,17.96,18200,12400,13900,3600,100700,15800,17.94
224,140,BRABEVACNOR1BR00,ABEV3,1622478629158908,17.93,17.92,17.91,17.94,17.95,17.96,18300,12400,13900,3600,100700,15800,17.94
225,140,BRABEVACNOR1BR00,ABEV3,1622478637960075,17.94,17.93,17.92,17.95,17.96,17.97,100,17900,13700,93300,10100,30900,17.95
226,140,BRABEVACNOR1BR00,ABEV3,1622478637961360,17.94,17.93,17.92,17.95,17.96,17.97,200,17800,14200,93300,10000,30900,17.95
227,140,BRABEVACNOR1BR00,ABEV3,1622478637968956,17.93,17.92,17.91,17.95,17.96,17.97,12900,14200,13300,93200,10000,30900,17.94
228,140,BRABEVACNOR1BR00,ABEV3,1622478637969313,17.93,17.92,17.91,17.95,17.96,17.97,12900,14200,13300,93200,10000,30900,17.94
229,140,BRABEVACNOR1BR00,ABEV3,1622478637969704,17.93,17.92,17.91,17.95,17.96,17.97,12900,13700,13300,93200,10000,30900,17.94
230,140,BRABEVACNOR1BR00,ABEV3,1622478637970995,17.93,17.92,17.91,17.95,17.96,17.97,13000,13700,13300,93200,13100,28600,17.94
231,140,BRABEVACNOR1BR00,ABEV3,1622478643519084,17.94,17.93,17.92,17.95,17.96,17.97,100,17500,14300,102000,14600,15400,17.93
232,140,BRABEVACNOR1BR00,ABEV3,1622478643520443,17.94,17.93,17.92,17.95,17.96,17.97,200,17400,14800,102000,14500,15200,17.93
233,140,BRABEVACNOR1BR00,ABEV3,1622478643566031,17.93,17.92,17.91,17.95,17.96,17.97,12400,14800,13300,102000,10000,18200,17.94
234,140,BRABEVACNOR1BR00,ABEV3,1622478643566181,17.93,17.92,17.91,17.95,17.96,17.97,12400,14800,13300,102000,10000,18200,17.94
235,140,BRABEVACNOR1BR00,ABEV3,1622478643566729,17.93,17.92,17.91,17.95,17.96,17.97,12400,14300,13300,102000,10000,18200,17.94
236,140,BRABEVACNOR1BR00,ABEV3,1622478643568326,17.93,17.92,17.91,17.95,17.96,17.97,9100,12400,13300,102000,15100,15200,17.94
237,140,BRABEVACNOR1BR00,ABEV3,1622478796361939,17.93,17.92,17.91,17.94,17.95,17.96,4100,18600,12700,10000,89000,18600,17.93
238,140,BRABEVACNOR1BR00,ABEV3,1622478796362725,17.93,17.92,17.91,17.94,17.95,17.96,4100,18600,10000,10000,89000,18600,17.93
239,140,BRABEVACNOR1BR00,ABEV3,1622478796365085,17.93,17.92,17.91,17.94,17.95,17.96,3400,13100,10000,13400,94600,15500,17.93
240,140,BRABEVACNOR1BR00,ABEV3,1622478797762559,17.93,17.92,17.91,17.94,17.95,17.96,5200,13100,13100,10000,97600,15500,17.93
241,140,BRABEVACNOR1BR00,ABEV3,1622478797763153,17.93,17.92,17.91,17.94,17.95,17.96,5200,13100,10100,10000,97600,15500,17.93
242,140,BRABEVACNOR1BR00,ABEV3,1622478797764541,17.93,17.92,17.91,17.94,17.95,17.96,5300,13100,10000,13400,97600,15500,17.93
243,140,BRABEVACNOR1BR00,ABEV3,1622478942068475,17.93,17.92,17.91,17.94,17.95,17.96,10200,16800,10900,2900,92100,14900,17.93
244,140,BRABEVACNOR1BR00,ABEV3,1622478942069038,17.93,17.92,17.91,17.94,17.95,17.96,10200,13700,10900,2900,92100,14900,17.93
245,140,BRABEVACNOR1BR00,ABEV3,1622478942070541,17.93,17.92,17.91,17.94,17.95,17.96,10300,13600,14000,6300,95200,13900,17.93
246,140,BRABEVACNOR1BR00,ABEV3,1622478942504487,17.92,17.91,17.9,17.94,17.95,17.96,13600,14000,35800,6300,95300,13900,17.93
247,140,BRABEVACNOR1BR00,ABEV3,1622478942504619,17.92,17.91,17.9,17.94,17.95,17.96,13600,14000,35800,6300,95300,13900,17.93
248,662,BRALSOACNOR5BR00,ALSO3,1622478633954844,29.61,29.6,29.59,29.64,29.65,29.66,600,1600,800,500,3700,2400,29.61
249,662,BRALSOACNOR5BR00,ALSO3,1622478633956234,29.61,29.6,29.59,29.64,29.65,29.66,700,1600,800,500,3800,2400,29.61
250,662,BRALSOACNOR5BR00,ALSO3,1622478650049723,29.62,29.61,29.6,29.64,29.65,29.66,100,900,1600,700,3800,2400,29.63
251,662,BRALSOACNOR5BR00,ALSO3,1622478650051056,29.62,29.61,29.6,29.64,29.65,29.66,200,800,1600,700,3800,2400,29.63
252,662,BRALSOACNOR5BR00,ALSO3,1622478650896880,29.63,29.62,29.61,29.64,29.65,29.66,100,100,800,400,4100,2400,29.63
253,662,BRALSOACNOR5BR00,ALSO3,1622478650898151,29.63,29.61,29.6,29.64,29.65,29.66,200,800,1600,400,4100,2400,29.63
254,662,BRALSOACNOR5BR00,ALSO3,1622478688958852,29.62,29.61,29.6,29.64,29.65,29.66,500,200,2100,1000,3800,2200,29.63
255,662,BRALSOACNOR5BR00,ALSO3,1622478688959091,29.62,29.61,29.6,29.64,29.65,29.66,500,200,2100,1000,3800,2200,29.63
256,662,BRALSOACNOR5BR00,ALSO3,1622478691977627,29.62,29.61,29.6,29.64,29.65,29.66,400,300,2100,1000,3800,2200,29.63
257,662,BRALSOACNOR5BR00,ALSO3,1622478691978947,29.62,29.61,29.6,29.64,29.65,29.66,500,300,2100,1000,3800,2200,29.63
258,662,BRALSOACNOR5BR00,ALSO3,1622478705817435,29.63,29.62,29.61,29.64,29.65,29.66,100,300,700,1000,3800,2200,29.63
259,662,BRALSOACNOR5BR00,ALSO3,1622478705818711,29.63,29.62,29.61,29.64,29.65,29.66,200,200,700,1000,3800,2200,29.63
260,662,BRALSOACNOR5BR00,ALSO3,1622478740671009,29.63,29.62,29.61,29.64,29.65,29.66,700,300,400,700,3600,2200,29.63
261,662,BRALSOACNOR5BR00,ALSO3,1622478743507915,29.63,29.62,29.61,29.64,29.65,29.66,700,500,400,700,3600,2200,29.63
262,662,BRALSOACNOR5BR00,ALSO3,1622478743509220,29.63,29.62,29.61,29.64,29.65,29.66,800,500,400,700,3600,2200,29.63
263,662,BRALSOACNOR5BR00,ALSO3,1622478750215643,29.63,29.62,29.61,29.64,29.65,29.66,100,500,400,300,3600,2200,29.64
264,662,BRALSOACNOR5BR00,ALSO3,1622478750217033,29.62,29.61,29.6,29.64,29.65,29.66,600,400,2100,300,3600,2200,29.64
265,662,BRALSOACNOR5BR00,ALSO3,1622478750227782,29.63,29.62,29.61,29.64,29.65,29.66,800,600,400,300,3600,2200,29.64
266,662,BRALSOACNOR5BR00,ALSO3,1622478750229068,29.63,29.62,29.61,29.64,29.65,29.66,900,500,400,300,3600,2200,29.64
267,662,BRALSOACNOR5BR00,ALSO3,1622478760153890,29.63,29.62,29.61,29.64,29.65,29.66,100,600,200,100,3600,2200,29.64
268,662,BRALSOACNOR5BR00,ALSO3,1622478760155379,29.62,29.61,29.6,29.64,29.65,29.66,700,400,2000,100,3600,2200,29.64
269,662,BRALSOACNOR5BR00,ALSO3,1622478760169130,29.63,29.62,29.61,29.64,29.65,29.66,800,700,400,200,3500,2200,29.64
270,662,BRALSOACNOR5BR00,ALSO3,1622478760170509,29.63,29.62,29.61,29.64,29.65,29.66,1000,600,400,200,3400,2200,29.64
271,662,BRALSOACNOR5BR00,ALSO3,1622478764961482,29.64,29.63,29.62,29.65,29.66,29.67,100,900,600,3100,2600,2300,29.64
272,662,BRALSOACNOR5BR00,ALSO3,1622478764962920,29.64,29.63,29.62,29.65,29.66,29.67,200,800,600,3100,2600,2100,29.64
273,662,BRALSOACNOR5BR00,ALSO3,1622478769061252,29.65,29.64,29.63,29.67,29.68,29.69,200,600,1300,1900,2400,500,29.66
274,662,BRALSOACNOR5BR00,ALSO3,1622478769081124,29.66,29.65,29.64,29.67,29.68,29.69,200,500,300,1800,500,500,29.66
275,662,BRALSOACNOR5BR00,ALSO3,1622478769088932,29.66,29.65,29.64,29.67,29.68,29.69,200,500,300,200,500,500,29.66
276,662,BRALSOACNOR5BR00,ALSO3,1622478769091875,29.66,29.65,29.64,29.69,29.7,29.71,400,400,300,300,600,1300,29.66
277,662,BRALSOACNOR5BR00,ALSO3,1622478770527809,29.67,29.66,29.65,29.69,29.7,29.71,200,800,400,300,400,600,29.69
278,662,BRALSOACNOR5BR00,ALSO3,1622478770529124,29.67,29.66,29.65,29.69,29.7,29.71,400,900,400,300,400,600,29.69
279,662,BRALSOACNOR5BR00,ALSO3,1622478774758553,29.68,29.67,29.66,29.69,29.7,29.71,100,1300,900,100,800,600,29.69
280,662,BRALSOACNOR5BR00,ALSO3,1622478774759989,29.68,29.67,29.66,29.69,29.7,29.71,200,1200,900,100,800,600,29.69
281,662,BRALSOACNOR5BR00,ALSO3,1622478786363040,29.69,29.68,29.67,29.7,29.71,29.72,100,900,900,300,700,600,29.71
282,662,BRALSOACNOR5BR00,ALSO3,1622478786364280,29.69,29.68,29.67,29.7,29.71,29.72,200,800,900,300,700,600,29.71
283,662,BRALSOACNOR5BR00,ALSO3,1622478795500112,29.7,29.69,29.68,29.71,29.72,29.73,100,1000,1000,200,1200,1500,29.71
284,662,BRALSOACNOR5BR00,ALSO3,1622478795501333,29.7,29.69,29.68,29.71,29.72,29.73,200,900,1000,200,1200,1500,29.71
285,662,BRALSOACNOR5BR00,ALSO3,1622478797967660,29.71,29.7,29.69,29.72,29.73,29.74,100,200,1300,600,1800,900,29.71
286,662,BRALSOACNOR5BR00,ALSO3,1622478797969021,29.71,29.7,29.69,29.72,29.73,29.74,200,100,1300,600,1800,700,29.71
287,662,BRALSOACNOR5BR00,ALSO3,1622478812474701,29.72,29.71,29.7,29.73,29.74,29.75,800,500,500,1400,800,500,29.73
288,662,BRALSOACNOR5BR00,ALSO3,1622478812475936,29.72,29.71,29.7,29.73,29.74,29.75,900,400,700,1400,800,500,29.73
289,662,BRALSOACNOR5BR00,ALSO3,1622478843590099,29.73,29.72,29.71,29.74,29.75,29.76,400,700,700,900,400,2500,29.73
290,662,BRALSOACNOR5BR00,ALSO3,1622478843591692,29.73,29.72,29.71,29.74,29.75,29.76,500,600,700,600,300,1800,29.73
291,662,BRALSOACNOR5BR00,ALSO3,1622478844664059,29.73,29.72,29.71,29.75,29.76,29.77,600,900,300,600,1900,900,29.74
292,662,BRALSOACNOR5BR00,ALSO3,1622478844665452,29.74,29.73,29.72,29.75,29.76,29.77,100,500,900,500,1900,900,29.74
293,662,BRALSOACNOR5BR00,ALSO3,1622478844713188,29.74,29.73,29.72,29.76,29.77,29.78,200,700,600,3500,700,1100,29.74
294,662,BRALSOACNOR5BR00,ALSO3,1622478844714369,29.75,29.74,29.73,29.76,29.77,29.78,100,100,700,3400,700,1100,29.74
295,662,BRALSOACNOR5BR00,ALSO3,1622478844755446,29.74,29.73,29.72,29.76,29.77,29.78,100,700,600,3300,700,1100,29.75
296,662,BRALSOACNOR5BR00,ALSO3,1622478844756190,29.74,29.73,29.72,29.75,29.76,29.77,100,700,600,200,3300,700,29.75
297,662,BRALSOACNOR5BR00,ALSO3,1622478844757603,29.74,29.73,29.72,29.75,29.76,29.77,200,700,600,300,3300,900,29.75
298,662,BRALSOACNOR5BR00,ALSO3,1622478844864958,29.75,29.74,29.73,29.76,29.77,29.78,100,200,700,3300,900,1100,29.75
299,662,BRALSOACNOR5BR00,ALSO3,1622478844866271,29.75,29.74,29.73,29.76,29.77,29.78,200,100,900,3000,900,1100,29.75
300,662,BRALSOACNOR5BR00,ALSO3,1622478849130355,29.74,29.73,29.72,29.76,29.77,29.78,400,400,500,3000,1000,1100,29.75
301,662,BRALSOACNOR5BR00,ALSO3,1622478849130787,29.74,29.73,29.72,29.76,29.77,29.78,400,400,300,3000,1000,1100,29.75
302,662,BRALSOACNOR5BR00,ALSO3,1622478849132028,29.74,29.73,29.72,29.76,29.77,29.78,500,400,400,3000,1000,1100,29.75
303,662,BRALSOACNOR5BR00,ALSO3,1622478849396430,29.73,29.72,29.71,29.76,29.77,29.78,400,400,600,3000,1000,1100,29.74
304,662,BRALSOACNOR5BR00,ALSO3,1622478849396638,29.73,29.72,29.71,29.76,29.77,29.78,400,400,600,3000,1000,1100,29.74
305,662,BRALSOACNOR5BR00,ALSO3,1622478849397414,29.73,29.72,29.71,29.75,29.76,29.77,400,400,600,200,3000,1000,29.74
306,662,BRALSOACNOR5BR00,ALSO3,1622478849398670,29.73,29.72,29.71,29.75,29.76,29.77,500,400,400,300,3300,900,29.74
307,662,BRALSOACNOR5BR00,ALSO3,1622478866909845,29.73,29.72,29.71,29.76,29.77,29.78,100,800,600,3700,600,1100,29.75
308,662,BRALSOACNOR5BR00,ALSO3,1622478866911717,29.73,29.72,29.71,29.75,29.76,29.77,100,900,600,200,3500,600,29.75
309,662,BRALSOACNOR5BR00,ALSO3,1622478866912258,29.73,29.72,29.71,29.75,29.76,29.77,100,900,600,200,3600,600,29.75
310,662,BRALSOACNOR5BR00,ALSO3,1622478866913593,29.73,29.72,29.71,29.75,29.76,29.77,100,800,600,200,3600,700,29.75
311,662,BRALSOACNOR5BR00,ALSO3,1622478866921102,29.73,29.72,29.71,29.75,29.76,29.77,100,800,600,300,3600,700,29.75
312,662,BRALSOACNOR5BR00,ALSO3,1622478866922318,29.72,29.71,29.7,29.75,29.76,29.77,900,600,500,300,3600,700,29.75
313,662,BRALSOACNOR5BR00,ALSO3,1622478866927256,29.73,29.72,29.71,29.75,29.76,29.77,800,900,600,400,3500,700,29.75
314,662,BRALSOACNOR5BR00,ALSO3,1622478866928517,29.73,29.72,29.71,29.75,29.76,29.77,900,800,600,300,3500,700,29.75
315,662,BRALSOACNOR5BR00,ALSO3,1622478877068471,29.74,29.73,29.72,29.76,29.77,29.78,800,500,700,2900,700,1100,29.76
316,662,BRALSOACNOR5BR00,ALSO3,1622478877069859,29.74,29.73,29.72,29.76,29.77,29.78,900,400,700,2800,600,800,29.76
317,662,BRALSOACNOR5BR00,ALSO3,1622478884392643,29.75,29.74,29.73,29.76,29.77,29.78,100,900,400,2800,800,1000,29.76
318,662,BRALSOACNOR5BR00,ALSO3,1622478884393978,29.75,29.74,29.73,29.76,29.77,29.78,200,800,600,2800,800,1000,29.76
319,662,BRALSOACNOR5BR00,ALSO3,1622478919170986,29.75,29.74,29.73,29.77,29.78,29.79,400,600,300,300,700,10700,29.77
320,662,BRALSOACNOR5BR00,ALSO3,1622478919172412,29.76,29.75,29.74,29.77,29.78,29.79,100,300,600,300,500,10700,29.77
321,662,BRALSOACNOR5BR00,ALSO3,1622478920186858,29.76,29.75,29.74,29.78,29.79,29.8,1000,600,500,400,11000,600,29.77
322,662,BRALSOACNOR5BR00,ALSO3,1622478920188258,29.77,29.76,29.75,29.78,29.79,29.8,100,900,600,200,11000,600,29.77
323,662,BRALSOACNOR5BR00,ALSO3,1622478920254445,29.77,29.76,29.75,29.79,29.8,29.81,200,1200,300,10800,600,600,29.77
324,662,BRALSOACNOR5BR00,ALSO3,1622478920255857,29.78,29.77,29.76,29.79,29.8,29.81,100,100,1400,10700,600,600,29.77
325,662,BRALSOACNOR5BR00,ALSO3,1622478920259611,29.77,29.76,29.75,29.79,29.8,29.81,100,1400,300,10900,600,600,29.78
326,662,BRALSOACNOR5BR00,ALSO3,1622478920260043,29.77,29.76,29.75,29.79,29.8,29.81,100,1200,300,10900,600,600,29.78
327,662,BRALSOACNOR5BR00,ALSO3,1622478920261224,29.77,29.76,29.75,29.79,29.8,29.81,200,1200,400,11000,500,600,29.78
328,662,BRALSOACNOR5BR00,ALSO3,1622478923755758,29.74,29.73,29.72,29.75,29.79,29.8,600,300,1200,7800,700,900,29.75
329,662,BRALSOACNOR5BR00,ALSO3,1622478923755795,29.74,29.73,29.72,29.75,29.79,29.8,600,300,1200,7800,700,900,29.75
330,662,BRALSOACNOR5BR00,ALSO3,1622478923756516,29.74,29.73,29.72,29.75,29.79,29.8,600,300,1100,7800,700,900,29.75
331,662,BRALSOACNOR5BR00,ALSO3,1622478923757937,29.74,29.73,29.72,29.76,29.78,29.79,400,200,200,200,300,500,29.75
332,662,BRALSOACNOR5BR00,ALSO3,1622478939508765,29.75,29.74,29.73,29.77,29.78,29.79,800,700,200,800,1000,900,29.75
333,662,BRALSOACNOR5BR00,ALSO3,1622478939510277,29.75,29.74,29.73,29.77,29.78,29.79,1000,600,200,800,1000,900,29.75
334,662,BRALSOACNOR5BR00,ALSO3,1622478946625509,29.76,29.75,29.74,29.77,29.78,29.79,100,900,600,200,1200,1000,29.75
335,662,BRALSOACNOR5BR00,ALSO3,1622478946626786,29.76,29.75,29.74,29.77,29.78,29.79,200,800,600,200,1200,800,29.75
336,662,BRALSOACNOR5BR00,ALSO3,1622478984174969,29.77,29.76,29.75,29.79,29.8,29.81,800,600,300,600,700,600,29.79
337,662,BRALSOACNOR5BR00,ALSO3,1622478984176401,29.77,29.76,29.75,29.79,29.8,29.81,1000,800,300,500,500,400,29.79
338,662,BRALSOACNOR5BR00,ALSO3,1622478994525779,29.78,29.77,29.76,29.8,29.81,29.82,800,200,800,700,300,500,29.8
339,662,BRALSOACNOR5BR00,ALSO3,1622478994527135,29.78,29.77,29.76,29.8,29.81,29.82,900,100,800,600,200,500,29.8
340,662,BRALSOACNOR5BR00,ALSO3,1622479004443288,29.78,29.77,29.76,29.8,29.81,29.82,100,500,500,200,800,500,29.8
341,662,BRALSOACNOR5BR00,ALSO3,1622479004444634,29.77,29.76,29.75,29.8,29.81,29.82,600,500,300,200,800,500,29.8
342,662,BRALSOACNOR5BR00,ALSO3,1622479004694645,29.78,29.77,29.76,29.81,29.82,29.83,800,700,600,800,500,600,29.8
343,662,BRALSOACNOR5BR00,ALSO3,1622479004696047,29.78,29.77,29.76,29.81,29.82,29.83,1000,600,600,800,500,600,29.8
344,662,BRALSOACNOR5BR00,ALSO3,1622479009709200,29.79,29.78,29.77,29.81,29.82,29.83,100,1000,600,800,500,600,29.8
345,662,BRALSOACNOR5BR00,ALSO3,1622479009710543,29.79,29.78,29.77,29.81,29.82,29.83,200,1000,600,800,400,600,29.8
346,662,BRALSOACNOR5BR00,ALSO3,1622479013190765,29.79,29.78,29.77,29.81,29.82,29.83,100,1400,300,400,800,400,29.79
347,662,BRALSOACNOR5BR00,ALSO3,1622479013191117,29.79,29.78,29.77,29.81,29.82,29.83,100,1400,300,400,800,400,29.79
348,662,BRALSOACNOR5BR00,ALSO3,1622479013191521,29.79,29.78,29.77,29.81,29.82,29.83,100,1200,300,400,800,400,29.79
349,662,BRALSOACNOR5BR00,ALSO3,1622479013192766,29.79,29.78,29.77,29.81,29.82,29.83,200,1200,300,400,800,400,29.79
350,662,BRALSOACNOR5BR00,ALSO3,1622479025733893,29.79,29.78,29.77,29.81,29.82,29.83,100,400,300,100,900,400,29.81
351,662,BRALSOACNOR5BR00,ALSO3,1622479025735374,29.78,29.77,29.76,29.81,29.82,29.83,700,300,1300,100,900,400,29.81
352,662,BRALSOACNOR5BR00,ALSO3,1622479026476431,29.79,29.78,29.77,29.81,29.82,29.83,800,500,300,700,500,400,29.81
353,662,BRALSOACNOR5BR00,ALSO3,1622479026477734,29.79,29.78,29.77,29.81,29.82,29.83,900,600,300,600,500,400,29.81
354,662,BRALSOACNOR5BR00,ALSO3,1622479035882884,29.79,29.78,29.77,29.81,29.82,29.83,100,600,300,100,900,400,29.81
355,662,BRALSOACNOR5BR00,ALSO3,1622479035884358,29.78,29.77,29.76,29.81,29.82,29.83,700,300,1300,100,900,400,29.81
356,662,BRALSOACNOR5BR00,ALSO3,1622479036696595,29.79,29.78,29.77,29.81,29.82,29.83,800,700,300,900,400,400,29.81
357,662,BRALSOACNOR5BR00,ALSO3,1622479036697945,29.79,29.78,29.77,29.81,29.82,29.83,900,600,300,800,400,400,29.81
358,662,BRALSOACNOR5BR00,ALSO3,1622479045207286,29.8,29.79,29.78,29.81,29.82,29.83,100,1000,600,200,700,200,29.81
359,662,BRALSOACNOR5BR00,ALSO3,1622479045208594,29.8,29.79,29.78,29.81,29.82,29.83,300,1000,600,200,700,200,29.81
360,662,BRALSOACNOR5BR00,ALSO3,1622479066825184,29.81,29.8,29.79,29.83,29.84,29.85,800,600,500,500,400,500,29.82
361,662,BRALSOACNOR5BR00,ALSO3,1622479066826653,29.81,29.8,29.79,29.83,29.84,29.85,1000,600,500,400,300,300,29.82
362,662,BRALSOACNOR5BR00,ALSO3,1622479066985795,29.82,29.81,29.8,29.83,29.84,29.85,100,1000,700,100,600,300,29.82
363,662,BRALSOACNOR5BR00,ALSO3,1622479066987048,29.82,29.81,29.8,29.83,29.84,29.85,200,900,700,100,600,300,29.82
364,662,BRALSOACNOR5BR00,ALSO3,1622479074664809,29.83,29.82,29.81,29.85,29.86,29.87,800,200,600,700,500,400,29.83
365,662,BRALSOACNOR5BR00,ALSO3,1622479074666270,29.83,29.82,29.81,29.85,29.86,29.87,900,300,600,600,500,400,29.83
366,662,BRALSOACNOR5BR00,ALSO3,1622479074735073,29.84,29.83,29.82,29.85,29.86,29.87,100,900,500,200,900,400,29.83
367,662,BRALSOACNOR5BR00,ALSO3,1622479074736557,29.84,29.83,29.82,29.85,29.86,29.87,100,800,300,200,900,300,29.84
368,662,BRALSOACNOR5BR00,ALSO3,1622479074737388,29.83,29.82,29.81,29.85,29.86,29.87,800,300,300,200,900,300,29.84
369,662,BRALSOACNOR5BR00,ALSO3,1622479074737553,29.82,29.81,29.8,29.85,29.86,29.87,500,300,500,200,900,300,29.83
370,662,BRALSOACNOR5BR00,ALSO3,1622479074738315,29.82,29.81,29.8,29.85,29.86,29.87,500,300,500,200,900,300,29.83
371,662,BRALSOACNOR5BR00,ALSO3,1622479074739689,29.82,29.81,29.8,29.85,29.86,29.87,400,200,500,500,800,300,29.83
372,662,BRALSOACNOR5BR00,ALSO3,1622479074902689,29.82,29.81,29.8,29.84,29.85,29.86,100,700,500,200,700,600,29.83
373,662,BRALSOACNOR5BR00,ALSO3,1622479074903914,29.81,29.8,29.79,29.84,29.85,29.86,800,500,400,400,700,600,29.83
374,662,BRALSOACNOR5BR00,ALSO3,1622479082661053,29.81,29.8,29.79,29.83,29.84,29.85,100,700,400,1000,1600,800,29.82
375,662,BRALSOACNOR5BR00,ALSO3,1622479082662429,29.8,29.79,29.78,29.83,29.84,29.85,800,400,800,1000,1600,800,29.82
376,662,BRALSOACNOR5BR00,ALSO3,1622479087650756,29.81,29.8,29.79,29.83,29.84,29.85,800,700,500,1400,1200,800,29.82
377,662,BRALSOACNOR5BR00,ALSO3,1622479087652081,29.81,29.8,29.79,29.83,29.84,29.85,900,600,500,1300,300,800,29.82
378,662,BRALSOACNOR5BR00,ALSO3,1622479117793209,29.81,29.8,29.79,29.83,29.85,29.86,1100,600,400,400,300,600,29.82
379,662,BRALSOACNOR5BR00,ALSO3,1622479117794576,29.82,29.81,29.8,29.83,29.85,29.86,100,1000,600,300,300,600,29.82
380,662,BRALSOACNOR5BR00,ALSO3,1622479117795683,29.82,29.81,29.8,29.84,29.85,29.86,400,1100,800,300,100,600,29.82
381,662,BRALSOACNOR5BR00,ALSO3,1622479117796916,29.83,29.82,29.81,29.84,29.85,29.86,100,300,1100,300,100,800,29.82
382,662,BRALSOACNOR5BR00,ALSO3,1622479117859587,29.83,29.82,29.81,29.85,29.86,29.87,900,300,400,700,700,300,29.82
383,662,BRALSOACNOR5BR00,ALSO3,1622479117860922,29.84,29.83,29.82,29.85,29.86,29.87,100,800,300,700,700,300,29.82
384,662,BRALSOACNOR5BR00,ALSO3,1622479117861968,29.83,29.82,29.81,29.85,29.86,29.87,800,500,400,500,600,300,29.84
385,662,BRALSOACNOR5BR00,ALSO3,1622479117862071,29.83,29.82,29.81,29.85,29.86,29.87,800,500,400,500,600,300,29.84
386,662,BRALSOACNOR5BR00,ALSO3,1622479117863254,29.83,29.82,29.81,29.85,29.86,29.87,900,500,400,700,600,300,29.84
387,662,BRALSOACNOR5BR00,ALSO3,1622479121178309,29.84,29.83,29.82,29.86,29.87,29.88,800,500,300,800,300,600,29.86
388,662,BRALSOACNOR5BR00,ALSO3,1622479121179784,29.84,29.83,29.82,29.86,29.87,29.88,900,600,500,700,100,600,29.86
389,662,BRALSOACNOR5BR00,ALSO3,1622479124191436,29.83,29.82,29.81,29.85,29.86,29.87,500,300,400,300,700,300,29.84
390,662,BRALSOACNOR5BR00,ALSO3,1622479124191660,29.83,29.82,29.81,29.85,29.86,29.87,500,300,400,300,700,300,29.84
391,662,BRALSOACNOR5BR00,ALSO3,1622479124192424,29.83,29.82,29.81,29.85,29.86,29.87,500,300,400,300,700,500,29.84
392,662,BRALSOACNOR5BR00,ALSO3,1622479124193718,29.83,29.82,29.81,29.85,29.86,29.87,600,300,600,600,800,400,29.84
393,662,BRALSOACNOR5BR00,ALSO3,1622479125191378,29.82,29.81,29.8,29.85,29.86,29.87,600,400,400,600,800,400,29.83
394,662,BRALSOACNOR5BR00,ALSO3,1622479125191658,29.82,29.81,29.8,29.85,29.86,29.87,600,400,400,600,800,400,29.83
395,662,BRALSOACNOR5BR00,ALSO3,1622479125192382,29.82,29.81,29.8,29.85,29.86,29.87,600,400,400,600,800,500,29.83
396,662,BRALSOACNOR5BR00,ALSO3,1622479125193629,29.82,29.81,29.8,29.85,29.86,29.87,700,400,400,700,700,600,29.83
397,662,BRALSOACNOR5BR00,ALSO3,1622479126894128,29.83,29.82,29.81,29.85,29.86,29.87,100,700,400,700,400,600,29.83
398,662,BRALSOACNOR5BR00,ALSO3,1622479126895534,29.83,29.82,29.81,29.85,29.86,29.87,300,600,400,700,400,600,29.83
399,662,BRALSOACNOR5BR00,ALSO3,1622479152735146,29.84,29.83,29.82,29.86,29.87,29.88,800,1400,300,300,500,1400,29.84
400,662,BRALSOACNOR5BR00,ALSO3,1622479152736944,29.84,29.83,29.82,29.86,29.87,29.88,900,1300,500,300,400,1400,29.84
401,662,BRALSOACNOR5BR00,ALSO3,1622479155819488,29.85,29.84,29.83,29.86,29.87,29.88,100,900,1100,500,400,1400,29.84
402,662,BRALSOACNOR5BR00,ALSO3,1622479155820686,29.85,29.84,29.83,29.86,29.87,29.88,100,800,1100,500,400,1400,29.85
403,662,BRALSOACNOR5BR00,ALSO3,1622479155821764,29.84,29.83,29.82,29.86,29.87,29.88,800,1100,500,500,400,1400,29.85
404,662,BRALSOACNOR5BR00,ALSO3,1622479155822044,29.84,29.83,29.82,29.86,29.87,29.88,800,1100,500,500,400,1400,29.85
405,662,BRALSOACNOR5BR00,ALSO3,1622479159036188,29.84,29.83,29.82,29.86,29.87,29.88,800,1100,500,500,400,1400,29.85
406,662,BRALSOACNOR5BR00,ALSO3,1622479159037434,29.84,29.83,29.82,29.86,29.87,29.88,900,1100,500,500,400,1400,29.85
407,662,BRALSOACNOR5BR00,ALSO3,1622479162783121,29.84,29.83,29.82,29.86,29.87,29.88,100,1200,500,100,400,1400,29.86
408,662,BRALSOACNOR5BR00,ALSO3,1622479162784574,29.83,29.82,29.81,29.86,29.87,29.88,1500,500,500,100,300,400,29.86
409,662,BRALSOACNOR5BR00,ALSO3,1622479162910526,29.84,29.83,29.82,29.86,29.87,29.88,800,1500,500,100,300,400,29.86
410,662,BRALSOACNOR5BR00,ALSO3,1622479162911971,29.84,29.83,29.82,29.86,29.87,29.88,1000,1400,500,100,300,400,29.86
411,662,BRALSOACNOR5BR00,ALSO3,1622479178116361,29.85,29.84,29.83,29.89,29.9,29.91,200,1100,1600,300,700,400,29.88
412,662,BRALSOACNOR5BR00,ALSO3,1622479178118039,29.85,29.84,29.83,29.89,29.9,29.91,500,1400,1700,400,600,600,29.88
413,662,BRALSOACNOR5BR00,ALSO3,1622479178119170,29.86,29.85,29.84,29.89,29.9,29.91,200,800,1400,400,500,600,29.88
414,662,BRALSOACNOR5BR00,ALSO3,1622479178120625,29.86,29.85,29.84,29.89,29.9,29.91,400,800,1400,400,500,600,29.88
415,662,BRALSOACNOR5BR00,ALSO3,1622479178254999,29.87,29.86,29.85,29.89,29.9,29.91,100,1200,800,400,500,200,29.88
416,662,BRALSOACNOR5BR00,ALSO3,1622479178256339,29.87,29.86,29.85,29.89,29.9,29.91,300,1100,800,400,500,200,29.88
417,662,BRALSOACNOR5BR00,ALSO3,1622479187706436,29.86,29.85,29.84,29.88,29.9,29.91,300,800,500,300,600,200,29.87
418,662,BRALSOACNOR5BR00,ALSO3,1622479187706726,29.86,29.85,29.84,29.88,29.9,29.91,300,800,500,300,600,200,29.87
419,662,BRALSOACNOR5BR00,ALSO3,1622479187707233,29.86,29.85,29.84,29.88,29.9,29.91,300,600,500,300,600,200,29.87
420,662,BRALSOACNOR5BR00,ALSO3,1622479187708598,29.86,29.85,29.84,29.88,29.89,29.9,100,400,500,300,300,700,29.86
421,662,BRALSOACNOR5BR00,ALSO3,1622479187708933,29.86,29.85,29.84,29.88,29.89,29.9,100,300,500,300,300,700,29.86
422,662,BRALSOACNOR5BR00,ALSO3,1622479187710236,29.86,29.85,29.84,29.88,29.89,29.9,100,400,500,300,300,700,29.86
423,662,BRALSOACNOR5BR00,ALSO3,1622479189891130,29.86,29.85,29.84,29.88,29.89,29.9,200,600,600,200,100,700,29.88
424,662,BRALSOACNOR5BR00,ALSO3,1622479189892454,29.86,29.85,29.84,29.88,29.89,29.9,500,500,600,200,100,700,29.88
425,662,BRALSOACNOR5BR00,ALSO3,1622479190663223,29.87,29.86,29.85,29.88,29.89,29.9,100,600,300,200,100,500,29.88
426,662,BRALSOACNOR5BR00,ALSO3,1622479190664613,29.87,29.86,29.85,29.88,29.89,29.9,300,400,300,200,100,500,29.88
427,662,BRALSOACNOR5BR00,ALSO3,1622479194932622,29.86,29.85,29.84,29.88,29.9,29.91,200,500,600,200,600,500,29.87
428,662,BRALSOACNOR5BR00,ALSO3,1622479194932841,29.86,29.85,29.84,29.88,29.9,29.91,200,500,600,200,600,500,29.87
429,662,BRALSOACNOR5BR00,ALSO3,1622479194933463,29.86,29.85,29.84,29.88,29.9,29.91,200,300,600,200,600,500,29.87
430,662,BRALSOACNOR5BR00,ALSO3,1622479194934736,29.86,29.85,29.84,29.88,29.89,29.9,300,300,800,200,100,500,29.87
431,662,BRALSOACNOR5BR00,ALSO3,1622479204665860,29.86,29.85,29.84,29.88,29.89,29.9,700,300,800,300,100,300,29.86
432,662,BRALSOACNOR5BR00,ALSO3,1622479204666218,29.86,29.85,29.84,29.88,29.89,29.9,700,300,600,300,100,300,29.86
433,662,BRALSOACNOR5BR00,ALSO3,1622479204667583,29.86,29.85,29.84,29.88,29.89,29.9,800,300,600,300,100,400,29.86
434,662,BRALSOACNOR5BR00,ALSO3,1622479206810756,29.86,29.85,29.84,29.87,29.88,29.89,100,200,500,1000,300,400,29.86
435,662,BRALSOACNOR5BR00,ALSO3,1622479206811015,29.86,29.85,29.84,29.87,29.88,29.89,100,200,500,1000,300,400,29.86
436,662,BRALSOACNOR5BR00,ALSO3,1622479206811488,29.86,29.85,29.84,29.87,29.88,29.89,100,200,300,1000,300,400,29.86
437,662,BRALSOACNOR5BR00,ALSO3,1622479206812764,29.86,29.85,29.84,29.87,29.88,29.89,100,200,300,1000,300,400,29.86
438,662,BRALSOACNOR5BR00,ALSO3,1622479209585201,29.84,29.83,29.82,29.87,29.88,29.89,300,1400,400,1000,300,200,29.85
439,662,BRALSOACNOR5BR00,ALSO3,1622479209585417,29.84,29.83,29.82,29.87,29.88,29.89,300,1400,400,1000,300,200,29.85
440,662,BRALSOACNOR5BR00,ALSO3,1622479209585876,29.84,29.83,29.82,29.87,29.88,29.89,300,1300,400,1000,300,200,29.85
441,662,BRALSOACNOR5BR00,ALSO3,1622479209587197,29.84,29.83,29.82,29.86,29.87,29.88,400,1200,400,200,1100,400,29.85
442,662,BRALSOACNOR5BR00,ALSO3,1622479210853076,29.83,29.82,29.81,29.87,29.88,29.89,1200,400,1000,1100,200,500,29.84
443,662,BRALSOACNOR5BR00,ALSO3,1622479210853362,29.83,29.82,29.81,29.87,29.88,29.89,1200,400,1000,1100,200,500,29.84
444,725,BRALUPCDAM15BR00,ALUP11,1622478637749493,27.17,27.16,27.15,27.18,27.19,27.2,800,1300,300,1200,1000,1800,27.18
445,725,BRALUPCDAM15BR00,ALUP11,1622478637751151,27.17,27.16,27.15,27.18,27.19,27.2,900,1300,300,1200,1000,1800,27.18
446,725,BRALUPCDAM15BR00,ALUP11,1622478684580104,27.16,27.15,27.14,27.18,27.19,27.2,1300,1100,600,1200,1000,1800,27.17
447,725,BRALUPCDAM15BR00,ALUP11,1622478684580337,27.16,27.15,27.14,27.18,27.19,27.2,1300,1100,600,1200,1000,1800,27.17
448,725,BRALUPCDAM15BR00,ALUP11,1622478684581091,27.16,27.15,27.14,27.17,27.18,27.19,1300,1100,600,200,1200,1000,27.17
449,725,BRALUPCDAM15BR00,ALUP11,1622478684582375,27.16,27.15,27.14,27.17,27.18,27.19,1400,1100,600,200,1300,1200,27.17
450,725,BRALUPCDAM15BR00,ALUP11,1622478778836716,27.16,27.15,27.14,27.17,27.18,27.19,800,900,500,1200,900,800,27.16
451,725,BRALUPCDAM15BR00,ALUP11,1622478778837427,27.16,27.15,27.14,27.17,27.18,27.19,800,900,500,1200,1100,800,27.16
452,725,BRALUPCDAM15BR00,ALUP11,1622478778838689,27.16,27.15,27.14,27.17,27.18,27.19,100,900,500,1300,1100,800,27.16
453,725,BRALUPCDAM15BR00,ALUP11,1622478778838787,27.15,27.14,27.13,27.16,27.17,27.18,900,500,800,100,1300,1100,27.16
454,725,BRALUPCDAM15BR00,ALUP11,1622478778838928,27.15,27.14,27.13,27.16,27.17,27.18,900,500,800,100,1300,1100,27.16
455,725,BRALUPCDAM15BR00,ALUP11,1622478778839089,27.15,27.14,27.13,27.16,27.17,27.18,900,500,800,100,1400,1100,27.16
456,725,BRALUPCDAM15BR00,ALUP11,1622478778840319,27.15,27.14,27.13,27.16,27.17,27.18,100,500,800,100,1400,1100,27.15
457,725,BRALUPCDAM15BR00,ALUP11,1622478778840746,27.15,27.14,27.13,27.16,27.17,27.18,100,300,800,100,1400,1100,27.15
458,725,BRALUPCDAM15BR00,ALUP11,1622478778842148,27.14,27.13,27.12,27.16,27.17,27.18,400,700,500,100,1200,1100,27.15
459,725,BRALUPCDAM15BR00,ALUP11,1622478797376165,27.15,27.14,27.13,27.17,27.18,27.19,200,2300,900,500,500,800,27.16
460,725,BRALUPCDAM15BR00,ALUP11,1622478797377503,27.15,27.14,27.13,27.17,27.18,27.19,400,2200,900,400,500,1000,27.16
461,725,BRALUPCDAM15BR00,ALUP11,1622478797384026,27.16,27.15,27.14,27.17,27.18,27.19,1200,1100,500,200,400,800,27.16
462,725,BRALUPCDAM15BR00,ALUP11,1622478797385419,27.16,27.15,27.14,27.17,27.18,27.19,1300,1000,500,200,400,800,27.16
463,725,BRALUPCDAM15BR00,ALUP11,1622478797924407,27.17,27.16,27.15,27.18,27.19,27.2,1200,800,700,100,600,1300,27.18
464,725,BRALUPCDAM15BR00,ALUP11,1622478797925845,27.17,27.16,27.15,27.18,27.19,27.2,1300,800,700,100,500,1300,27.18
465,725,BRALUPCDAM15BR00,ALUP11,1622478804063279,27.16,27.15,27.14,27.18,27.19,27.2,100,800,400,100,700,1300,27.16
466,725,BRALUPCDAM15BR00,ALUP11,1622478804063437,27.16,27.15,27.14,27.18,27.19,27.2,100,800,400,100,700,1300,27.16
467,725,BRALUPCDAM15BR00,ALUP11,1622478804064017,27.16,27.15,27.14,27.18,27.19,27.2,100,600,400,100,700,1300,27.16
468,725,BRALUPCDAM15BR00,ALUP11,1622478804065237,27.16,27.15,27.14,27.17,27.18,27.19,100,400,400,200,100,800,27.16
469,725,BRALUPCDAM15BR00,ALUP11,1622478804065491,27.16,27.15,27.14,27.17,27.18,27.19,100,400,400,200,100,800,27.16
470,725,BRALUPCDAM15BR00,ALUP11,1622478804066711,27.15,27.14,27.13,27.17,27.18,27.19,300,400,700,200,300,900,27.16
471,725,BRALUPCDAM15BR00,ALUP11,1622478818220378,27.16,27.15,27.14,27.17,27.18,27.19,1200,900,400,400,900,900,27.16
472,725,BRALUPCDAM15BR00,ALUP11,1622478818221610,27.16,27.15,27.14,27.17,27.18,27.19,1300,800,400,300,900,900,27.16
473,725,BRALUPCDAM15BR00,ALUP11,1622478829682180,27.17,27.16,27.15,27.18,27.19,27.2,1200,700,400,400,600,1400,27.18
474,725,BRALUPCDAM15BR00,ALUP11,1622478829683486,27.17,27.16,27.15,27.18,27.19,27.2,1300,600,600,400,500,1400,27.18
475,725,BRALUPCDAM15BR00,ALUP11,1622478840793877,27.18,27.17,27.16,27.19,27.2,27.21,1200,1000,200,700,1300,700,27.19
476,725,BRALUPCDAM15BR00,ALUP11,1622478840795358,27.18,27.17,27.16,27.19,27.2,27.21,1300,900,200,600,1200,700,27.19
477,725,BRALUPCDAM15BR00,ALUP11,1622478852708767,27.19,27.18,27.17,27.2,27.21,27.22,900,900,300,1500,700,1100,27.19
478,725,BRALUPCDAM15BR00,ALUP11,1622478852710260,27.19,27.18,27.17,27.2,27.21,27.22,1000,800,500,1400,500,1100,27.19
479,725,BRALUPCDAM15BR00,ALUP11,1622478878187473,27.2,27.19,27.18,27.21,27.22,27.23,200,1700,800,400,900,900,27.2
480,725,BRALUPCDAM15BR00,ALUP11,1622478878188923,27.2,27.19,27.18,27.21,27.22,27.23,300,1600,1000,100,800,700,27.2
481,725,BRALUPCDAM15BR00,ALUP11,1622478893827084,27.21,27.2,27.19,27.23,27.24,27.25,1200,500,400,2200,1500,1700,27.23
482,725,BRALUPCDAM15BR00,ALUP11,1622478893828539,27.21,27.2,27.19,27.23,27.24,27.25,1300,600,400,2100,1500,1700,27.23
483,725,BRALUPCDAM15BR00,ALUP11,1622478894317272,27.22,27.21,27.2,27.23,27.24,27.25,100,1300,500,2000,1500,1700,27.23
484,725,BRALUPCDAM15BR00,ALUP11,1622478894318648,27.22,27.21,27.2,27.23,27.24,27.25,100,1200,500,1800,1500,1700,27.22
485,725,BRALUPCDAM15BR00,ALUP11,1622478894319287,27.22,27.21,27.2,27.23,27.24,27.25,100,1200,500,1900,1500,1700,27.22
486,725,BRALUPCDAM15BR00,ALUP11,1622478894319828,27.21,27.2,27.19,27.23,27.24,27.25,1200,500,200,1900,1500,1700,27.22
487,725,BRALUPCDAM15BR00,ALUP11,1622478894463880,27.21,27.2,27.19,27.23,27.24,27.25,1200,400,200,1900,1500,1700,27.22
488,725,BRALUPCDAM15BR00,ALUP11,1622478894465170,27.21,27.2,27.19,27.23,27.24,27.25,1300,400,200,1900,1500,1700,27.22
489,725,BRALUPCDAM15BR00,ALUP11,1622478899041653,27.2,27.19,27.18,27.23,27.24,27.25,200,200,400,1900,1900,1700,27.21
490,725,BRALUPCDAM15BR00,ALUP11,1622478899041894,27.2,27.19,27.18,27.23,27.24,27.25,200,200,400,1900,1900,1700,27.21
491,725,BRALUPCDAM15BR00,ALUP11,1622478899042463,27.2,27.18,27.17,27.23,27.24,27.25,200,400,200,1900,1900,1700,27.21
492,725,BRALUPCDAM15BR00,ALUP11,1622478899043671,27.2,27.18,27.17,27.22,27.23,27.24,300,200,200,400,2200,2500,27.21
493,725,BRALUPCDAM15BR00,ALUP11,1622478959289719,27.21,27.2,27.19,27.24,27.25,27.26,200,400,200,1500,1500,1000,27.24
494,725,BRALUPCDAM15BR00,ALUP11,1622478959291074,27.21,27.2,27.19,27.24,27.25,27.26,100,300,200,1500,1500,1000,27.24
495,725,BRALUPCDAM15BR00,ALUP11,1622478959808524,27.21,27.2,27.19,27.24,27.25,27.26,100,1500,200,1500,1500,1000,27.24
496,725,BRALUPCDAM15BR00,ALUP11,1622478959809835,27.21,27.2,27.19,27.24,27.25,27.26,100,1900,200,1400,1500,1000,27.24
497,725,BRALUPCDAM15BR00,ALUP11,1622478959810319,27.21,27.2,27.19,27.24,27.25,27.26,100,1900,200,1300,1500,1000,27.24
498,725,BRALUPCDAM15BR00,ALUP11,1622478959811504,27.21,27.2,27.19,27.24,27.25,27.26,300,1800,200,1300,1500,1000,27.24
499,725,BRALUPCDAM15BR00,ALUP11,1622478965340064,27.22,27.21,27.2,27.24,27.25,27.26,1200,500,600,1200,1800,900,27.24
500,725,BRALUPCDAM15BR00,ALUP11,1622478965341442,27.22,27.21,27.2,27.24,27.25,27.26,1300,500,600,1200,1800,900,27.24
501,725,BRALUPCDAM15BR00,ALUP11,1622478968470980,27.23,27.22,27.21,27.25,27.26,27.27,200,1300,500,1700,700,1600,27.24
502,725,BRALUPCDAM15BR00,ALUP11,1622478968472620,27.23,27.22,27.21,27.25,27.26,27.27,100,1200,500,1500,700,1600,27.24
503,725,BRALUPCDAM15BR00,ALUP11,1622478968473252,27.23,27.22,27.21,27.25,27.26,27.27,100,1200,500,1500,700,1600,27.24
504,725,BRALUPCDAM15BR00,ALUP11,1622478968474615,27.22,27.21,27.2,27.25,27.26,27.27,1500,500,600,1500,700,1600,27.24
505,725,BRALUPCDAM15BR00,ALUP11,1622478970957992,27.22,27.21,27.2,27.25,27.26,27.27,100,500,600,900,700,1600,27.25
506,725,BRALUPCDAM15BR00,ALUP11,1622478970959390,27.23,27.21,27.2,27.25,27.26,27.27,200,600,600,900,700,1600,27.25
507,725,BRALUPCDAM15BR00,ALUP11,1622478970959665,27.23,27.21,27.2,27.25,27.26,27.27,200,600,600,900,600,1600,27.25
508,725,BRALUPCDAM15BR00,ALUP11,1622478970960856,27.23,27.21,27.2,27.25,27.26,27.27,100,500,600,900,600,1600,27.25
509,725,BRALUPCDAM15BR00,ALUP11,1622478970960904,27.23,27.21,27.2,27.25,27.26,27.27,100,500,600,1000,600,1600,27.25
510,725,BRALUPCDAM15BR00,ALUP11,1622478970962080,27.22,27.21,27.2,27.25,27.26,27.27,200,600,600,1000,600,1600,27.25
511,725,BRALUPCDAM15BR00,ALUP11,1622478970962553,27.22,27.21,27.2,27.25,27.26,27.27,200,600,600,900,600,1600,27.25
512,725,BRALUPCDAM15BR00,ALUP11,1622478970963694,27.22,27.21,27.2,27.25,27.26,27.27,100,500,600,900,600,1600,27.25
513,725,BRALUPCDAM15BR00,ALUP11,1622478970964347,27.22,27.21,27.2,27.25,27.26,27.27,100,500,600,1000,600,1600,27.25
514,725,BRALUPCDAM15BR00,ALUP11,1622478970965857,27.22,27.21,27.2,27.25,27.26,27.27,200,600,600,1000,600,1600,27.25
515,725,BRALUPCDAM15BR00,ALUP11,1622478970969032,27.22,27.21,27.2,27.25,27.26,27.27,200,600,600,1100,600,1600,27.25
516,725,BRALUPCDAM15BR00,ALUP11,1622478970970298,27.22,27.21,27.2,27.25,27.26,27.27,300,500,600,1100,600,1600,27.25
517,725,BRALUPCDAM15BR00,ALUP11,1622478971264138,27.24,27.22,27.21,27.25,27.26,27.27,100,1500,500,1100,600,1600,27.25
518,725,BRALUPCDAM15BR00,ALUP11,1622478971265601,27.24,27.22,27.21,27.25,27.26,27.27,200,1400,500,800,600,1400,27.25
519,725,BRALUPCDAM15BR00,ALUP11,1622478973513924,27.22,27.21,27.2,27.25,27.26,27.27,1600,300,400,900,600,1300,27.24
520,725,BRALUPCDAM15BR00,ALUP11,1622478973514100,27.22,27.21,27.2,27.25,27.26,27.27,1600,300,400,900,600,1300,27.24
521,790,BRANIMACNOR6BR00,ANIM3,1622478632695361,12.59,12.58,12.57,12.6,12.61,12.62,600,5100,2000,1600,1800,1300,12.59
522,790,BRANIMACNOR6BR00,ANIM3,1622478632696590,12.59,12.58,12.57,12.6,12.61,12.62,700,5100,2000,1600,1800,1300,12.59
523,790,BRANIMACNOR6BR00,ANIM3,1622478669678158,12.59,12.58,12.57,12.6,12.61,12.62,300,2400,2600,2000,1800,1300,12.59
524,790,BRANIMACNOR6BR00,ANIM3,1622478669679119,12.59,12.58,12.57,12.6,12.61,12.62,100,2400,2600,2000,1800,1300,12.59
525,790,BRANIMACNOR6BR00,ANIM3,1622478669680536,12.59,12.58,12.57,12.6,12.61,12.62,600,1800,2600,2000,1800,1700,12.59
526,790,BRANIMACNOR6BR00,ANIM3,1622478684043645,12.59,12.58,12.57,12.6,12.61,12.62,800,3700,2000,1900,1800,1700,12.59
527,790,BRANIMACNOR6BR00,ANIM3,1622478684547039,12.59,12.58,12.57,12.6,12.61,12.62,700,3700,2000,1900,1800,1700,12.59
528,790,BRANIMACNOR6BR00,ANIM3,1622478684548269,12.59,12.58,12.57,12.6,12.61,12.62,800,3700,2000,1900,1800,1700,12.59
529,790,BRANIMACNOR6BR00,ANIM3,1622478764357521,12.59,12.58,12.57,12.6,12.61,12.62,700,2300,2200,1600,1800,1400,12.59
530,790,BRANIMACNOR6BR00,ANIM3,1622478764357911,12.59,12.58,12.57,12.6,12.61,12.62,500,2300,2200,1600,1800,1400,12.59
531,790,BRANIMACNOR6BR00,ANIM3,1622478764359116,12.59,12.58,12.57,12.6,12.61,12.62,700,2300,2700,1600,1800,1400,12.59
532,790,BRANIMACNOR6BR00,ANIM3,1622478791257957,12.59,12.58,12.57,12.6,12.61,12.62,1400,3800,2000,1300,1100,2100,12.59
533,790,BRANIMACNOR6BR00,ANIM3,1622478791258706,12.59,12.58,12.57,12.6,12.61,12.62,1400,3800,2000,2100,1100,2100,12.59
534,790,BRANIMACNOR6BR00,ANIM3,1622478791259909,12.59,12.58,12.57,12.6,12.61,12.62,1100,3800,2000,2100,1800,1400,12.59
535,790,BRANIMACNOR6BR00,ANIM3,1622478847000823,12.6,12.59,12.58,12.61,12.62,12.63,400,1700,3800,1100,1500,3100,12.6
536,790,BRANIMACNOR6BR00,ANIM3,1622478847002229,12.6,12.59,12.58,12.61,12.62,12.63,700,1600,3800,1100,1300,3100,12.6
537,790,BRANIMACNOR6BR00,ANIM3,1622478847026070,12.61,12.6,12.59,12.62,12.63,12.64,400,1600,3100,800,2000,3700,12.61
538,790,BRANIMACNOR6BR00,ANIM3,1622478847028244,12.61,12.6,12.59,12.62,12.63,12.64,1200,1600,2400,800,2700,3700,12.61
539,790,BRANIMACNOR6BR00,ANIM3,1622478853007571,12.61,12.6,12.59,12.62,12.63,12.64,200,1900,2100,1100,1400,3700,12.61
540,790,BRANIMACNOR6BR00,ANIM3,1622478853008231,12.6,12.59,12.58,12.62,12.63,12.64,2100,2100,3700,1100,1400,3700,12.61
541,790,BRANIMACNOR6BR00,ANIM3,1622478853009490,12.61,12.6,12.59,12.62,12.63,12.64,100,1600,2100,1200,1300,3700,12.61
542,790,BRANIMACNOR6BR00,ANIM3,1622478853010006,12.61,12.6,12.59,12.62,12.63,12.64,300,1400,2100,1200,1300,3700,12.61
543,790,BRANIMACNOR6BR00,ANIM3,1622478853011198,12.61,12.6,12.59,12.62,12.63,12.64,400,1300,2100,1200,1300,3700,12.61
544,790,BRANIMACNOR6BR00,ANIM3,1622478857412791,12.6,12.59,12.58,12.62,12.63,12.64,1700,2000,5400,1200,1300,3700,12.6
545,790,BRANIMACNOR6BR00,ANIM3,1622478857412944,12.6,12.59,12.58,12.62,12.63,12.64,1700,2000,5400,1200,1300,3700,12.6
546,790,BRANIMACNOR6BR00,ANIM3,1622478857413474,12.6,12.59,12.58,12.62,12.63,12.64,1700,2000,5400,1200,1300,3700,12.6
547,790,BRANIMACNOR6BR00,ANIM3,1622478857414669,12.6,12.59,12.58,12.62,12.63,12.64,1200,2000,5400,1200,1200,3700,12.6
548,790,BRANIMACNOR6BR00,ANIM3,1622478872425053,12.61,12.6,12.59,12.62,12.63,12.64,100,1500,2100,1400,900,3700,12.6
549,790,BRANIMACNOR6BR00,ANIM3,1622478872426277,12.61,12.6,12.59,12.62,12.63,12.64,200,1400,2100,1400,700,3700,12.6
550,790,BRANIMACNOR6BR00,ANIM3,1622478876445358,12.61,12.6,12.59,12.62,12.63,12.64,100,2700,1900,1000,1000,3700,12.61
551,790,BRANIMACNOR6BR00,ANIM3,1622478876445636,12.61,12.6,12.59,12.62,12.63,12.64,100,2700,1900,1000,1000,3700,12.61
552,790,BRANIMACNOR6BR00,ANIM3,1622478878476139,12.6,12.59,12.58,12.62,12.63,12.64,2800,1900,5400,1000,1000,3700,12.61
553,790,BRANIMACNOR6BR00,ANIM3,1622478878477447,12.6,12.59,12.58,12.62,12.63,12.64,2300,1900,5400,1000,1000,3700,12.61
554,790,BRANIMACNOR6BR00,ANIM3,1622478886426084,12.61,12.6,12.59,12.62,12.63,12.64,100,2000,2600,1200,700,3700,12.62
555,790,BRANIMACNOR6BR00,ANIM3,1622478886427344,12.61,12.6,12.59,12.62,12.63,12.64,1000,2600,1900,1200,700,3700,12.62
556,790,BRANIMACNOR6BR00,ANIM3,1622478919143065,12.61,12.6,12.59,12.62,12.63,12.64,700,3500,2000,1100,1000,3100,12.61
557,790,BRANIMACNOR6BR00,ANIM3,1622478919143554,12.61,12.6,12.59,12.62,12.63,12.64,700,2800,2000,1100,1000,3100,12.61
558,790,BRANIMACNOR6BR00,ANIM3,1622478919145001,12.61,12.6,12.59,12.62,12.63,12.64,500,2200,2000,1100,1000,3100,12.61
559,790,BRANIMACNOR6BR00,ANIM3,1622478966308223,12.61,12.6,12.59,12.62,12.63,12.64,600,2100,2600,10800,1000,3100,12.61
560,1061,BRAZULACNPR4BR00,AZUL4,1622478627678329,42.88,42.87,42.86,42.89,42.91,42.92,1000,2400,2000,2300,5400,2400,42.89
561,1061,BRAZULACNPR4BR00,AZUL4,1622478627679637,42.88,42.87,42.86,42.89,42.91,42.92,1000,2400,2000,2400,5400,2400,42.89
562,1061,BRAZULACNPR4BR00,AZUL4,1622478749099553,42.87,42.86,42.85,42.88,42.89,42.9,1200,1600,3000,600,4300,800,42.88
563,1061,BRAZULACNPR4BR00,AZUL4,1622478749101024,42.87,42.86,42.85,42.88,42.89,42.9,1200,1600,2800,700,4200,800,42.88
564,1061,BRAZULACNPR4BR00,AZUL4,1622478786691562,42.87,42.86,42.85,42.88,42.89,42.9,900,1400,2800,3700,1900,1300,42.88
565,1346,BRB3SAACNOR6BR00,B3SA3,1622478627558856,17.58,17.57,17.56,17.59,17.6,17.61,12400,16300,10700,13900,5100,12700,17.59
566,1346,BRB3SAACNOR6BR00,B3SA3,1622478627560134,17.58,17.57,17.56,17.59,17.6,17.61,12400,16300,10700,14000,5100,12700,17.59
567,1346,BRB3SAACNOR6BR00,B3SA3,1622478675347530,17.58,17.57,17.56,17.59,17.6,17.61,13400,20900,10700,12000,13100,13400,17.59
568,1346,BRB3SAACNOR6BR00,B3SA3,1622478675348021,17.58,17.57,17.56,17.59,17.6,17.61,13400,20900,10700,12000,12200,13400,17.59
569,1346,BRB3SAACNOR6BR00,B3SA3,1622478675349807,17.58,17.57,17.56,17.59,17.6,17.61,13600,24200,7600,8500,9000,16500,17.59
570,1346,BRB3SAACNOR6BR00,B3SA3,1622478691062822,17.57,17.56,17.55,17.58,17.59,17.6,19800,10100,25500,3300,31700,13200,17.58
571,1346,BRB3SAACNOR6BR00,B3SA3,1622478691064585,17.57,17.56,17.55,17.58,17.59,17.6,19800,7600,28200,3400,34800,10100,17.58
572,1346,BRB3SAACNOR6BR00,B3SA3,1622478691082140,17.57,17.56,17.55,17.59,17.6,17.61,19800,7600,28200,34200,10100,10800,17.58
573,1346,BRB3SAACNOR6BR00,B3SA3,1622478691082283,17.57,17.56,17.55,17.58,17.59,17.6,19800,7600,28200,100,34100,10100,17.58
574,1346,BRB3SAACNOR6BR00,B3SA3,1622478691082798,17.57,17.56,17.55,17.58,17.59,17.6,19800,7600,28200,100,30900,10100,17.58
575,1346,BRB3SAACNOR6BR00,B3SA3,1622478691084205,17.57,17.56,17.55,17.58,17.59,17.6,20100,7600,28200,100,30600,13300,17.58
576,1346,BRB3SAACNOR6BR00,B3SA3,1622478691084541,17.57,17.56,17.55,17.58,17.59,17.6,20100,10900,25500,100,30600,13300,17.58
577,1346,BRB3SAACNOR6BR00,B3SA3,1622478691085310,17.57,17.56,17.55,17.59,17.6,17.61,20100,10900,25500,30600,13300,10800,17.58
578,1346,BRB3SAACNOR6BR00,B3SA3,1622478691086415,17.57,17.56,17.55,17.59,17.6,17.61,20100,10900,25500,30900,13300,10800,17.58
579,1346,BRB3SAACNOR6BR00,B3SA3,1622478691087669,17.57,17.56,17.55,17.59,17.6,17.61,20100,10900,25500,31000,13300,10800,17.58
580,1346,BRB3SAACNOR6BR00,B3SA3,1622478697682388,17.57,17.56,17.55,17.58,17.59,17.6,20200,7700,28600,3300,35800,14000,17.58
581,1346,BRB3SAACNOR6BR00,B3SA3,1622478697683870,17.57,17.56,17.55,17.58,17.59,17.6,20200,7700,28600,3400,38800,11400,17.58
582,1346,BRB3SAACNOR6BR00,B3SA3,1622478697691081,17.57,17.56,17.55,17.59,17.6,17.61,20200,7700,28600,38800,11400,10200,17.58
583,1346,BRB3SAACNOR6BR00,B3SA3,1622478697691386,17.57,17.56,17.55,17.59,17.6,17.61,20200,7700,28600,38800,11400,10200,17.58
584,1346,BRB3SAACNOR6BR00,B3SA3,1622478697691830,17.57,17.56,17.55,17.59,17.6,17.61,20200,7700,28600,38800,10900,10200,17.58
585,1346,BRB3SAACNOR6BR00,B3SA3,1622478697693350,17.57,17.56,17.55,17.59,17.6,17.61,20500,7700,28600,35800,10900,10200,17.58
586,1346,BRB3SAACNOR6BR00,B3SA3,1622478716180820,17.57,17.56,17.55,17.58,17.59,17.6,13500,7700,23500,3300,39100,12700,17.57
587,1346,BRB3SAACNOR6BR00,B3SA3,1622478716182467,17.57,17.56,17.55,17.58,17.59,17.6,13500,7700,26500,4900,42200,10100,17.57
588,1346,BRB3SAACNOR6BR00,B3SA3,1622478716190282,17.57,17.56,17.55,17.59,17.6,17.61,700,7600,23500,42300,10100,9200,17.58
589,1346,BRB3SAACNOR6BR00,B3SA3,1622478716190805,17.57,17.56,17.55,17.59,17.6,17.61,700,7600,23500,42300,10100,9200,17.58
590,1346,BRB3SAACNOR6BR00,B3SA3,1622478716190984,17.57,17.56,17.55,17.59,17.6,17.61,700,7600,23500,45200,10100,9200,17.58
591,1346,BRB3SAACNOR6BR00,B3SA3,1622478716196181,17.58,17.57,17.56,17.59,17.6,17.61,200,4000,8300,35900,9600,9200,17.58
592,1346,BRB3SAACNOR6BR00,B3SA3,1622478716292444,17.57,17.56,17.55,17.58,17.59,17.6,6300,8300,24200,200,39200,12700,17.58
593,1346,BRB3SAACNOR6BR00,B3SA3,1622478716293758,17.57,17.56,17.55,17.58,17.59,17.6,6300,11600,23500,300,39100,13200,17.58
594,1346,BRB3SAACNOR6BR00,B3SA3,1622478716296167,17.57,17.56,17.55,17.59,17.6,17.61,6300,11600,23500,39100,13200,9200,17.58
595,1346,BRB3SAACNOR6BR00,B3SA3,1622478716296470,17.57,17.56,17.55,17.59,17.6,17.61,6300,11600,23500,39100,13200,9200,17.58
596,1346,BRB3SAACNOR6BR00,B3SA3,1622478716296900,17.57,17.56,17.55,17.59,17.6,17.61,6300,11600,23500,39100,12700,9200,17.58
597,1346,BRB3SAACNOR6BR00,B3SA3,1622478716298289,17.57,17.56,17.55,17.59,17.6,17.61,6600,11600,23500,39200,12700,9200,17.58
598,1346,BRB3SAACNOR6BR00,B3SA3,1622478749099545,17.57,17.56,17.55,17.58,17.59,17.6,16900,7400,26500,200,29500,13200,17.58
599,1346,BRB3SAACNOR6BR00,B3SA3,1622478749100866,17.57,17.56,17.55,17.58,17.59,17.6,16900,7400,26500,300,29400,13700,17.58
600,1346,BRB3SAACNOR6BR00,B3SA3,1622478749112813,17.57,17.56,17.55,17.59,17.6,17.61,16900,7400,26500,29300,13700,9500,17.58
601,1346,BRB3SAACNOR6BR00,B3SA3,1622478749112981,17.57,17.56,17.55,17.59,17.6,17.61,16900,7400,26500,29300,13700,9500,17.58
602,1346,BRB3SAACNOR6BR00,B3SA3,1622478749113578,17.57,17.56,17.55,17.59,17.6,17.61,16900,7400,26500,29300,13200,9500,17.58
603,1346,BRB3SAACNOR6BR00,B3SA3,1622478749114870,17.57,17.56,17.55,17.59,17.6,17.61,17200,7400,26500,29400,13200,9500,17.58
604,1346,BRB3SAACNOR6BR00,B3SA3,1622478761393433,17.57,17.56,17.55,17.58,17.59,17.6,15800,7300,26700,3300,29500,16600,17.58
605,1346,BRB3SAACNOR6BR00,B3SA3,1622478761394927,17.57,17.56,17.55,17.58,17.59,17.6,15800,7300,26700,3400,32600,14000,17.58
606,1346,BRB3SAACNOR6BR00,B3SA3,1622478761405216,17.57,17.56,17.55,17.59,17.6,17.61,14900,8200,26700,32900,14000,9500,17.58
607,1346,BRB3SAACNOR6BR00,B3SA3,1622478761405561,17.57,17.56,17.55,17.59,17.6,17.61,14900,8200,26700,32900,14000,9500,17.58
608,1346,BRB3SAACNOR6BR00,B3SA3,1622478761406023,17.57,17.56,17.55,17.59,17.6,17.61,14900,8200,26700,32900,13500,9500,17.58
609,1346,BRB3SAACNOR6BR00,B3SA3,1622478761407473,17.57,17.56,17.55,17.59,17.6,17.61,16100,7300,26700,29800,13500,9500,17.58
610,1346,BRB3SAACNOR6BR00,B3SA3,1622478761410278,17.57,17.56,17.55,17.58,17.59,17.6,16100,7300,26700,100,29700,13500,17.58
611,1346,BRB3SAACNOR6BR00,B3SA3,1622478761411620,17.57,17.56,17.55,17.58,17.59,17.6,16100,10600,23500,100,28900,17300,17.58
612,1346,BRB3SAACNOR6BR00,B3SA3,1622478761416385,17.57,17.56,17.55,17.59,17.6,17.61,16100,10600,23500,28900,17300,9500,17.58
613,1346,BRB3SAACNOR6BR00,B3SA3,1622478761416672,17.57,17.56,17.55,17.59,17.6,17.61,16100,10600,23500,28900,17300,9500,17.58
614,1346,BRB3SAACNOR6BR00,B3SA3,1622478761417121,17.57,17.56,17.55,17.59,17.6,17.61,16100,10600,23500,28900,16800,9500,17.58
615,1346,BRB3SAACNOR6BR00,B3SA3,1622478761418718,17.57,17.56,17.55,17.59,17.6,17.61,16100,10600,23500,29300,16800,9500,17.58
616,1346,BRB3SAACNOR6BR00,B3SA3,1622478840319068,17.58,17.57,17.56,17.59,17.6,17.61,24700,16100,11600,33400,22300,13700,17.59
617,1346,BRB3SAACNOR6BR00,B3SA3,1622478840319102,17.58,17.57,17.56,17.59,17.6,17.61,24600,16100,11600,33400,22300,13700,17.59
618,1346,BRB3SAACNOR6BR00,B3SA3,1622478840320462,17.58,17.57,17.56,17.59,17.6,17.61,24600,19400,8300,29900,22300,16400,17.59
619,1346,BRB3SAACNOR6BR00,B3SA3,1622478899889287,17.58,17.57,17.56,17.59,17.6,17.61,21100,18000,15300,17900,27100,16000,17.59
620,1346,BRB3SAACNOR6BR00,B3SA3,1622478899890031,17.58,17.57,17.56,17.59,17.6,17.61,21100,18000,15300,14600,27100,16000,17.59
621,1346,BRB3SAACNOR6BR00,B3SA3,1622478899891369,17.58,17.57,17.56,17.59,17.6,17.61,21100,18000,15300,14700,27100,16000,17.59
622,1346,BRB3SAACNOR6BR00,B3SA3,1622478916961109,17.58,17.57,17.56,17.59,17.6,17.61,12400,18000,17000,1800,31000,10500,17.59
623,1346,BRB3SAACNOR6BR00,B3SA3,1622478916961601,17.58,17.57,17.56,17.59,17.6,17.61,12400,18000,17000,1800,27700,10500,17.59
624,1346,BRB3SAACNOR6BR00,B3SA3,1622478916966740,17.58,17.57,17.56,17.59,17.6,17.61,17000,20200,13700,1900,27600,10200,17.59
625,1346,BRB3SAACNOR6BR00,B3SA3,1622478919015391,17.58,17.57,17.56,17.59,17.6,17.61,12900,18000,16800,7200,27000,16500,17.59
626,1346,BRB3SAACNOR6BR00,B3SA3,1622478919015986,17.58,17.57,17.56,17.59,17.6,17.61,12900,18000,16800,6800,27000,16500,17.59
627,1346,BRB3SAACNOR6BR00,B3SA3,1622478919017392,17.58,17.57,17.56,17.59,17.6,17.61,13300,18000,16800,6900,27000,16500,17.59
628,1346,BRB3SAACNOR6BR00,B3SA3,1622478931608005,17.58,17.57,17.56,17.59,17.6,17.61,19400,21900,13700,8900,27000,16500,17.59
629,1346,BRB3SAACNOR6BR00,B3SA3,1622478931608463,17.58,17.57,17.56,17.59,17.6,17.61,19400,21900,13700,8500,27000,16500,17.59
630,1346,BRB3SAACNOR6BR00,B3SA3,1622478931609734,17.58,17.57,17.56,17.59,17.6,17.61,19400,21900,13700,8600,27000,16500,17.59
631,1346,BRB3SAACNOR6BR00,B3SA3,1622478960224105,17.58,17.57,17.56,17.59,17.6,17.61,16400,21300,13800,5900,27000,17300,17.59
632,1346,BRB3SAACNOR6BR00,B3SA3,1622478960224739,17.58,17.57,17.56,17.59,17.6,17.61,16400,21300,13800,5500,27000,17300,17.59
633,1346,BRB3SAACNOR6BR00,B3SA3,1622478960226006,17.58,17.57,17.56,17.59,17.6,17.61,16400,21300,13800,5600,27000,17300,17.59
634,1346,BRB3SAACNOR6BR00,B3SA3,1622478967512990,17.58,17.57,17.56,17.59,17.6,17.61,16700,21700,13800,7900,28300,13800,17.59
635,1346,BRB3SAACNOR6BR00,B3SA3,1622478967520888,17.58,17.57,17.56,17.59,17.6,17.61,16300,21700,13800,7900,28300,13800,17.59
636,1346,BRB3SAACNOR6BR00,B3SA3,1622478967522090,17.58,17.57,17.56,17.59,17.6,17.61,16300,21700,13800,8000,28300,13800,17.59
637,1346,BRB3SAACNOR6BR00,B3SA3,1622478977221774,17.58,17.57,17.56,17.59,17.6,17.61,17300,21700,13800,1700,26800,13800,17.59
638,1346,BRB3SAACNOR6BR00,B3SA3,1622478977222475,17.58,17.57,17.56,17.59,17.6,17.61,17300,21700,13800,1700,26800,10500,17.59
639,1346,BRB3SAACNOR6BR00,B3SA3,1622478977223957,17.58,17.57,17.56,17.59,17.6,17.61,18100,20800,13800,2000,25900,10500,17.59
640,1346,BRB3SAACNOR6BR00,B3SA3,1622478978049300,17.58,17.57,17.56,17.59,17.6,17.61,18200,20800,13800,1000,26800,10500,17.59
641,1346,BRB3SAACNOR6BR00,B3SA3,1622478978049940,17.58,17.57,17.56,17.59,17.6,17.61,18200,20800,13800,1000,25900,10500,17.59
642,1346,BRB3SAACNOR6BR00,B3SA3,1622478978051330,17.58,17.57,17.56,17.59,17.6,17.61,18200,20800,13800,1100,25900,10500,17.59
643,1346,BRB3SAACNOR6BR00,B3SA3,1622478980483213,17.58,17.57,17.56,17.59,17.6,17.61,12600,21700,13800,8900,25100,15700,17.59
644,1346,BRB3SAACNOR6BR00,B3SA3,1622478980483445,17.58,17.57,17.56,17.59,17.6,17.61,12600,21700,13800,8500,25100,15700,17.59
645,1346,BRB3SAACNOR6BR00,B3SA3,1622478980484723,17.58,17.57,17.56,17.59,17.6,17.61,12600,21700,13800,8600,25100,15700,17.59
646,1346,BRB3SAACNOR6BR00,B3SA3,1622478995924796,17.58,17.57,17.56,17.59,17.6,17.61,19800,21800,13800,5100,24600,15700,17.59
647,1346,BRB3SAACNOR6BR00,B3SA3,1622478995926693,17.58,17.57,17.56,17.59,17.6,17.61,23100,21800,13800,5100,24600,15700,17.59
648,1346,BRB3SAACNOR6BR00,B3SA3,1622478995927897,17.58,17.57,17.56,17.59,17.6,17.61,23100,21800,13800,5200,24600,15700,17.59
649,1346,BRB3SAACNOR6BR00,B3SA3,1622479020385597,17.58,17.57,17.56,17.59,17.6,17.61,21100,22000,13800,3100,26900,16300,17.58
650,1346,BRB3SAACNOR6BR00,B3SA3,1622479020386639,17.58,17.57,17.56,17.59,17.6,17.61,21100,21100,13800,3100,26900,16300,17.58
651,1346,BRB3SAACNOR6BR00,B3SA3,1622479020387956,17.58,17.57,17.56,17.59,17.6,17.61,22000,21100,13800,3200,26900,16300,17.58
652,1346,BRB3SAACNOR6BR00,B3SA3,1622479020945828,17.58,17.57,17.56,17.6,17.61,17.62,26200,21100,13800,26900,11100,27800,17.59
653,1346,BRB3SAACNOR6BR00,B3SA3,1622479020946090,17.58,17.57,17.56,17.6,17.61,17.62,26200,21100,13800,26900,11100,27800,17.59
654,1346,BRB3SAACNOR6BR00,B3SA3,1622479020946576,17.58,17.57,17.56,17.6,17.61,17.62,26200,21100,13800,26800,11100,27800,17.59
655,1346,BRB3SAACNOR6BR00,B3SA3,1622479020948072,17.58,17.57,17.56,17.6,17.61,17.62,26200,21100,13800,25900,11100,27800,17.59
656,1346,BRB3SAACNOR6BR00,B3SA3,1622479020952757,17.58,17.57,17.56,17.59,17.6,17.61,26200,21100,13800,500,25900,11100,17.59
657,1346,BRB3SAACNOR6BR00,B3SA3,1622479020954147,17.58,17.57,17.56,17.59,17.6,17.61,26200,21100,13800,600,25800,11100,17.59
658,1346,BRB3SAACNOR6BR00,B3SA3,1622479022160804,17.58,17.57,17.56,17.59,17.6,17.61,22600,22000,13800,5500,26700,17300,17.59
659,1346,BRB3SAACNOR6BR00,B3SA3,1622479022664182,17.58,17.57,17.56,17.59,17.6,17.61,22600,22000,13800,6000,26700,17300,17.59
660,1346,BRB3SAACNOR6BR00,B3SA3,1622479022665470,17.58,17.57,17.56,17.59,17.6,17.61,22600,22000,13800,6100,26700,17300,17.59
661,1346,BRB3SAACNOR6BR00,B3SA3,1622479061710868,17.58,17.57,17.56,17.59,17.6,17.61,23300,18000,16100,26800,23900,16100,17.59
662,1346,BRB3SAACNOR6BR00,B3SA3,1622479061711723,17.58,17.57,17.56,17.59,17.6,17.61,23300,21300,13800,26800,23900,16100,17.59
663,1346,BRB3SAACNOR6BR00,B3SA3,1622479061713161,17.58,17.57,17.56,17.59,17.6,17.61,26600,21300,13800,26900,23900,16100,17.59
664,1346,BRB3SAACNOR6BR00,B3SA3,1622479082617175,17.58,17.57,17.56,17.59,17.6,17.61,25700,19100,9800,17200,24400,12600,17.59
665,1346,BRB3SAACNOR6BR00,B3SA3,1622479082679545,17.58,17.57,17.56,17.59,17.6,17.61,27300,19100,9800,17200,24400,12600,17.59
666,1346,BRB3SAACNOR6BR00,B3SA3,1622479082680970,17.58,17.57,17.56,17.59,17.6,17.61,27300,19100,9800,17300,24400,12600,17.59
667,1346,BRB3SAACNOR6BR00,B3SA3,1622479091488755,17.58,17.57,17.56,17.59,17.6,17.61,15600,16500,10900,15600,23200,16700,17.59
668,1346,BRB3SAACNOR6BR00,B3SA3,1622479091488802,17.58,17.57,17.56,17.6,17.61,17.62,15600,16500,10900,23200,16700,26100,17.59
669,1346,BRB3SAACNOR6BR00,B3SA3,1622479091494023,17.58,17.57,17.56,17.6,17.61,17.62,19700,18800,10000,22300,12600,28600,17.59
670,1346,BRB3SAACNOR6BR00,B3SA3,1622479091496041,17.58,17.57,17.56,17.59,17.6,17.61,19700,18800,10000,500,22300,12600,17.59
671,1346,BRB3SAACNOR6BR00,B3SA3,1622479091497826,17.58,17.57,17.56,17.59,17.6,17.61,19700,18800,10000,600,22200,12600,17.59
672,1346,BRB3SAACNOR6BR00,B3SA3,1622479091712011,17.58,17.57,17.56,17.6,17.61,17.62,18100,18800,10000,23100,12600,28600,17.59
673,1346,BRB3SAACNOR6BR00,B3SA3,1622479091712242,17.58,17.57,17.56,17.6,17.61,17.62,18100,18800,10000,23100,12600,28600,17.59
674,1346,BRB3SAACNOR6BR00,B3SA3,1622479091712956,17.58,17.57,17.56,17.6,17.61,17.62,18100,18800,10000,23100,15900,26100,17.59
675,1346,BRB3SAACNOR6BR00,B3SA3,1622479091714162,17.58,17.57,17.56,17.6,17.61,17.62,18100,18800,10000,23200,15900,26100,17.59
676,1346,BRB3SAACNOR6BR00,B3SA3,1622479091834707,17.58,17.57,17.56,17.59,17.6,17.61,18100,18900,9900,800,23000,16000,17.6
677,1346,BRB3SAACNOR6BR00,B3SA3,1622479091836042,17.58,17.57,17.56,17.59,17.6,17.61,18100,18900,9900,900,22900,16000,17.6
678,1346,BRB3SAACNOR6BR00,B3SA3,1622479091883812,17.59,17.58,17.57,17.6,17.61,17.62,700,18100,18900,22900,16000,26100,17.59
679,1346,BRB3SAACNOR6BR00,B3SA3,1622479091884025,17.59,17.58,17.57,17.6,17.61,17.62,700,18100,18900,22900,16000,26100,17.59
680,1346,BRB3SAACNOR6BR00,B3SA3,1622479091884608,17.59,17.58,17.57,17.6,17.61,17.62,700,18100,18900,22900,15900,26100,17.59
681,1346,BRB3SAACNOR6BR00,B3SA3,1622479091885911,17.59,17.58,17.57,17.6,17.61,17.62,700,18100,18900,23000,12600,26100,17.59
682,1346,BRB3SAACNOR6BR00,B3SA3,1622479122233968,17.59,17.58,17.57,17.6,17.61,17.62,26600,13700,15500,9500,31700,18100,17.6
683,1346,BRB3SAACNOR6BR00,B3SA3,1622479122299589,17.59,17.58,17.57,17.6,17.61,17.62,26600,13700,15500,9400,31700,18100,17.6
684,1346,BRB3SAACNOR6BR00,B3SA3,1622479122300875,17.59,17.58,17.57,17.6,17.61,17.62,26600,13700,15500,9500,31700,18100,17.6
685,1346,BRB3SAACNOR6BR00,B3SA3,1622479152621443,17.59,17.58,17.57,17.6,17.61,17.62,22100,10600,17100,14900,29900,18400,17.6
686,1346,BRB3SAACNOR6BR00,B3SA3,1622479152621998,17.59,17.58,17.57,17.6,17.61,17.62,22100,10600,17100,11600,29900,18400,17.6
687,1346,BRB3SAACNOR6BR00,B3SA3,1622479152623242,17.59,17.58,17.57,17.6,17.61,17.62,22100,10600,17100,11700,29900,18400,17.6
688,1346,BRB3SAACNOR6BR00,B3SA3,1622479152627336,17.59,17.58,17.57,17.61,17.62,17.63,12700,10600,17100,29900,18400,49300,17.6
689,1346,BRB3SAACNOR6BR00,B3SA3,1622479152627433,17.59,17.58,17.57,17.61,17.62,17.63,13100,10600,17100,29900,18400,49300,17.6
690,1346,BRB3SAACNOR6BR00,B3SA3,1622479152630632,17.59,17.58,17.57,17.61,17.62,17.63,13100,10600,17100,29800,18400,49300,17.6
691,1346,BRB3SAACNOR6BR00,B3SA3,1622479152634029,17.59,17.58,17.57,17.61,17.62,17.63,14000,12600,13800,29800,18400,49300,17.6
692,1346,BRB3SAACNOR6BR00,B3SA3,1622479160391285,17.59,17.58,17.57,17.6,17.61,17.62,3800,9300,40700,3300,36100,16700,17.6
693,1346,BRB3SAACNOR6BR00,B3SA3,1622479160392757,17.59,17.58,17.57,17.6,17.61,17.62,2900,9200,43700,5400,39300,13600,17.6
694,1346,BRB3SAACNOR6BR00,B3SA3,1622479160749153,17.59,17.58,17.57,17.6,17.61,17.62,14400,12500,40700,1800,34500,17000,17.6
695,1346,BRB3SAACNOR6BR00,B3SA3,1622479160894074,17.59,17.58,17.57,17.6,17.61,17.62,14400,12500,40700,1800,34300,17000,17.6
696,1346,BRB3SAACNOR6BR00,B3SA3,1622479160895405,17.59,17.58,17.57,17.6,17.61,17.62,14700,12500,40700,1900,34300,17000,17.6
697,1346,BRB3SAACNOR6BR00,B3SA3,1622479162613490,17.6,17.59,17.58,17.61,17.62,17.63,7600,17500,12600,35500,17000,49300,17.6
698,1346,BRB3SAACNOR6BR00,B3SA3,1622479162613559,17.6,17.59,17.58,17.61,17.62,17.63,7600,17500,12600,35500,17000,49300,17.6
699,1346,BRB3SAACNOR6BR00,B3SA3,1622479162723226,17.6,17.59,17.58,17.61,17.62,17.63,7600,17500,12600,35500,17800,49300,17.6
700,1346,BRB3SAACNOR6BR00,B3SA3,1622479162724549,17.6,17.59,17.58,17.61,17.62,17.63,7600,17500,12600,35600,17800,49300,17.6
701,1346,BRB3SAACNOR6BR00,B3SA3,1622479234890533,17.59,17.58,17.57,17.6,17.61,17.62,8800,12400,40700,3300,49300,30200,17.6
702,1346,BRB3SAACNOR6BR00,B3SA3,1622479234892271,17.59,17.58,17.57,17.6,17.61,17.62,8800,12300,43200,4900,52500,27100,17.6
703,1346,BRB3SAACNOR6BR00,B3SA3,1622479236557382,17.59,17.58,17.57,17.6,17.61,17.62,7400,13600,44000,9900,43800,26200,17.6
704,1346,BRB3SAACNOR6BR00,B3SA3,1622479236558077,17.59,17.58,17.57,17.6,17.61,17.62,7400,13600,44000,9900,43800,29500,17.6
705,1346,BRB3SAACNOR6BR00,B3SA3,1622479236559524,17.59,17.58,17.57,17.6,17.61,17.62,7400,13600,44000,10000,43800,29500,17.6
706,1346,BRB3SAACNOR6BR00,B3SA3,1622479293231312,17.58,17.57,17.56,17.59,17.6,17.61,9100,14000,33500,2500,48700,41800,17.59
707,1346,BRB3SAACNOR6BR00,B3SA3,1622479293234787,17.58,17.57,17.56,17.59,17.6,17.61,9100,14000,36700,3100,48600,38500,17.59
708,1346,BRB3SAACNOR6BR00,B3SA3,1622479320327226,17.58,17.57,17.56,17.59,17.6,17.61,17700,19300,7300,38900,33500,27400,17.59
709,1346,BRB3SAACNOR6BR00,B3SA3,1622479320374144,17.58,17.57,17.56,17.59,17.6,17.61,17600,19300,7300,38900,33500,27400,17.58
710,1346,BRB3SAACNOR6BR00,B3SA3,1622479320376099,17.58,17.57,17.56,17.59,17.6,17.61,12700,19300,7300,35900,33500,27400,17.58
711,1346,BRB3SAACNOR6BR00,B3SA3,1622479350228858,17.59,17.58,17.57,17.6,17.61,17.62,600,23100,19300,33900,25600,47600,17.59
712,1346,BRB3SAACNOR6BR00,B3SA3,1622479350229015,17.59,17.58,17.57,17.6,17.61,17.62,600,23100,19300,33900,25600,47600,17.59
713,1346,BRB3SAACNOR6BR00,B3SA3,1622479350232435,17.59,17.58,17.57,17.6,17.61,17.62,600,23100,19300,33900,25500,47600,17.59
714,1346,BRB3SAACNOR6BR00,B3SA3,1622479350235862,17.59,17.58,17.57,17.6,17.61,17.62,1200,24500,18400,29400,18100,47600,17.59
715,1346,BRB3SAACNOR6BR00,B3SA3,1622479384066768,17.59,17.58,17.57,17.6,17.61,17.62,30900,8700,17900,12300,24600,25800,17.6
716,1346,BRB3SAACNOR6BR00,B3SA3,1622479384072301,17.59,17.58,17.57,17.6,17.61,17.62,29300,8700,17900,11500,24600,25800,17.6
717,1346,BRB3SAACNOR6BR00,B3SA3,1622479384073717,17.59,17.58,17.57,17.6,17.61,17.62,29300,8700,17900,11600,24600,25800,17.6
718,1346,BRB3SAACNOR6BR00,B3SA3,1622479421371707,17.59,17.58,17.57,17.61,17.62,17.63,20900,5700,21200,24500,30900,50600,17.6
719,1346,BRB3SAACNOR6BR00,B3SA3,1622479421372143,17.59,17.58,17.57,17.6,17.61,17.62,20400,5700,21200,500,24500,30900,17.6
720,1346,BRB3SAACNOR6BR00,B3SA3,1622479421372573,17.59,17.58,17.57,17.6,17.61,17.62,20400,5700,21200,500,24400,30900,17.6
721,1346,BRB3SAACNOR6BR00,B3SA3,1622479421374902,17.59,17.58,17.57,17.6,17.61,17.62,21300,8000,17900,100,19900,26700,17.6
722,1346,BRB3SAACNOR6BR00,B3SA3,1622479421376044,17.59,17.58,17.57,17.6,17.61,17.62,21300,8000,17900,100,23200,26700,17.6
723,1346,BRB3SAACNOR6BR00,B3SA3,1622479421377413,17.59,17.58,17.57,17.61,17.62,17.63,21300,8000,17900,23300,26700,53800,17.6
724,1346,BRB3SAACNOR6BR00,B3SA3,1622479421378795,17.59,17.58,17.57,17.6,17.61,17.62,25100,7900,17900,300,23800,29900,17.6
725,1346,BRB3SAACNOR6BR00,B3SA3,1622479421380132,17.59,17.58,17.57,17.6,17.61,17.62,25100,7900,17900,400,23200,29900,17.6
726,1346,BRB3SAACNOR6BR00,B3SA3,1622479421522118,17.6,17.59,17.58,17.61,17.62,17.63,200,23500,7900,24300,30000,50600,17.6
727,1346,BRB3SAACNOR6BR00,B3SA3,1622479421522310,17.6,17.59,17.58,17.61,17.62,17.63,200,23500,7900,24300,30000,50600,17.6
728,1346,BRB3SAACNOR6BR00,B3SA3,1622479421522851,17.6,17.59,17.58,17.61,17.62,17.63,200,23500,7900,21000,30000,50600,17.6
729,1346,BRB3SAACNOR6BR00,B3SA3,1622479421524147,17.6,17.59,17.58,17.61,17.62,17.63,200,23500,7900,21100,30000,50600,17.6
730,1346,BRB3SAACNOR6BR00,B3SA3,1622479459135076,17.6,17.59,17.58,17.61,17.62,17.63,24900,15800,9000,13400,29500,26100,17.61
731,1346,BRB3SAACNOR6BR00,B3SA3,1622479459135598,17.6,17.59,17.58,17.61,17.62,17.63,24400,15800,9000,13400,29500,26100,17.61
732,1346,BRB3SAACNOR6BR00,B3SA3,1622479459136908,17.6,17.59,17.58,17.61,17.62,17.63,24400,15800,9000,14000,29500,26100,17.61
733,1346,BRB3SAACNOR6BR00,B3SA3,1622479474617055,17.6,17.59,17.58,17.62,17.63,17.64,11800,15900,9000,28900,26100,47500,17.61
734,1346,BRB3SAACNOR6BR00,B3SA3,1622479474617093,17.6,17.59,17.58,17.62,17.63,17.64,11800,15900,9000,28900,26100,47500,17.61
735,1346,BRB3SAACNOR6BR00,B3SA3,1622479474620578,17.6,17.59,17.58,17.62,17.63,17.64,11800,15900,9000,28800,26100,47500,17.61
736,1346,BRB3SAACNOR6BR00,B3SA3,1622479474624862,17.61,17.6,17.59,17.62,17.63,17.64,4100,11600,15000,28800,19600,47500,17.61
737,1346,BRB3SAACNOR6BR00,B3SA3,1622479508260075,17.6,17.59,17.58,17.61,17.62,17.63,8300,11100,31700,2800,23600,22100,17.61
738,1346,BRB3SAACNOR6BR00,B3SA3,1622479508262136,17.6,17.59,17.58,17.61,17.62,17.63,7400,12200,31700,3400,26500,18900,17.61
739,1346,BRB3SAACNOR6BR00,B3SA3,1622479508413879,17.61,17.6,17.59,17.62,17.63,17.64,700,10800,12200,22800,18900,24300,17.61
740,1346,BRB3SAACNOR6BR00,B3SA3,1622479508414025,17.61,17.6,17.59,17.62,17.63,17.64,700,10800,12200,22800,18900,24300,17.61
741,1346,BRB3SAACNOR6BR00,B3SA3,1622479508414605,17.61,17.6,17.59,17.62,17.63,17.64,700,10800,12200,19500,18900,24300,17.61
742,1346,BRB3SAACNOR6BR00,B3SA3,1622479508416069,17.61,17.6,17.59,17.62,17.63,17.64,700,10800,12200,19600,22000,21000,17.61
743,1346,BRB3SAACNOR6BR00,B3SA3,1622479523905420,17.6,17.59,17.58,17.61,17.62,17.63,5400,12200,31700,3300,22600,21200,17.61
744,1346,BRB3SAACNOR6BR00,B3SA3,1622479523907091,17.6,17.59,17.58,17.61,17.62,17.63,5400,13100,31700,3400,25600,18100,17.61
745,1346,BRB3SAACNOR6BR00,B3SA3,1622479524020308,17.61,17.6,17.59,17.62,17.63,17.64,600,11400,12200,22900,21100,21100,17.61
746,1346,BRB3SAACNOR6BR00,B3SA3,1622479524020460,17.61,17.6,17.59,17.62,17.63,17.64,600,11400,12200,22900,21100,21100,17.61
747,1346,BRB3SAACNOR6BR00,B3SA3,1622479524368260,17.61,17.6,17.59,17.62,17.63,17.64,1200,11400,12200,22900,21100,21100,17.61
748,1346,BRB3SAACNOR6BR00,B3SA3,1622479524369655,17.61,17.6,17.59,17.62,17.63,17.64,1200,11400,12200,23000,21100,21100,17.61
749,1346,BRB3SAACNOR6BR00,B3SA3,1622479530003754,17.59,17.58,17.57,17.6,17.62,17.63,12200,33800,17200,5300,21100,18100,17.6
750,1346,BRB3SAACNOR6BR00,B3SA3,1622479530010620,17.59,17.58,17.57,17.6,17.62,17.63,7700,33700,17200,3900,25500,21100,17.6
751,1346,BRB3SAACNOR6BR00,B3SA3,1622479530015469,17.59,17.58,17.57,17.61,17.62,17.63,7500,33700,7800,4400,25200,18100,17.6
752,1346,BRB3SAACNOR6BR00,B3SA3,1622479530015826,17.59,17.58,17.57,17.61,17.62,17.63,7500,33700,7800,4400,25200,18100,17.6
753,1346,BRB3SAACNOR6BR00,B3SA3,1622479530017977,17.59,17.58,17.57,17.61,17.62,17.63,10800,33700,7800,4400,25200,18100,17.6
754,1346,BRB3SAACNOR6BR00,B3SA3,1622479530022086,17.6,17.59,17.58,17.61,17.62,17.63,3300,16100,33700,100,26300,18100,17.62
755,1346,BRB3SAACNOR6BR00,B3SA3,1622479530022172,17.6,17.59,17.58,17.61,17.62,17.63,3300,16100,33700,100,23100,18100,17.62
756,1346,BRB3SAACNOR6BR00,B3SA3,1622479530025448,17.6,17.59,17.58,17.62,17.63,17.64,3300,16100,33700,23100,18100,21100,17.62
757,1346,BRB3SAACNOR6BR00,B3SA3,1622479535050810,17.61,17.6,17.59,17.62,17.63,17.64,8300,9500,16800,7300,18800,21600,17.62
758,1346,BRB3SAACNOR6BR00,B3SA3,1622479535051119,17.61,17.6,17.59,17.62,17.63,17.64,8300,9500,16800,7800,18800,21600,17.62
759,1346,BRB3SAACNOR6BR00,B3SA3,1622479535052643,17.61,17.6,17.59,17.62,17.63,17.64,8300,9500,16800,7400,18800,21600,17.62
760,1346,BRB3SAACNOR6BR00,B3SA3,1622479560418670,17.61,17.6,17.59,17.62,17.63,17.64,15700,9300,16000,24100,18300,23800,17.62
761,1346,BRB3SAACNOR6BR00,B3SA3,1622479560429630,17.61,17.6,17.59,17.62,17.63,17.64,15800,9300,16000,24100,18300,23800,17.62
762,1346,BRB3SAACNOR6BR00,B3SA3,1622479560431018,17.61,17.6,17.59,17.62,17.63,17.64,15800,9300,16000,24200,18300,23800,17.62
763,1346,BRB3SAACNOR6BR00,B3SA3,1622479573015746,17.62,17.61,17.6,17.63,17.64,17.65,3300,23200,9400,18400,23800,71600,17.62
764,1346,BRB3SAACNOR6BR00,B3SA3,1622479573016042,17.62,17.61,17.6,17.63,17.64,17.65,3300,23200,9400,18400,23800,71600,17.62
765,1346,BRB3SAACNOR6BR00,B3SA3,1622479573017668,17.62,17.61,17.6,17.63,17.64,17.65,3300,23200,9400,18400,20500,71600,17.62
766,1346,BRB3SAACNOR6BR00,B3SA3,1622479573021364,17.62,17.61,17.6,17.63,17.64,17.65,3800,23800,9400,14100,20500,71600,17.62
767,1346,BRB3SAACNOR6BR00,B3SA3,1622479573527847,17.61,17.6,17.59,17.62,17.63,17.64,13700,9700,11200,2800,17200,23700,17.62
768,1346,BRB3SAACNOR6BR00,B3SA3,1622479573530376,17.61,17.6,17.59,17.62,17.63,17.64,13700,9700,11200,3400,17700,23700,17.62
769,1346,BRB3SAACNOR6BR00,B3SA3,1622479573605747,17.61,17.6,17.59,17.62,17.63,17.64,11600,9700,11200,100,21000,20500,17.62
770,1346,BRB3SAACNOR6BR00,B3SA3,1622479573607076,17.61,17.6,17.59,17.63,17.64,17.65,11600,9700,11200,21100,23700,69600,17.62
771,1346,BRB3SAACNOR6BR00,B3SA3,1622479573636719,17.61,17.6,17.59,17.62,17.63,17.64,11100,9700,11200,3300,21100,23800,17.62
772,1346,BRB3SAACNOR6BR00,B3SA3,1622479573638040,17.61,17.6,17.59,17.62,17.63,17.64,11100,9700,11200,3400,21000,23800,17.62
773,1346,BRB3SAACNOR6BR00,B3SA3,1622479573645605,17.61,17.6,17.59,17.62,17.63,17.64,14400,9700,11200,100,21000,23800,17.62
774,1346,BRB3SAACNOR6BR00,B3SA3,1622479573646918,17.61,17.6,17.59,17.63,17.64,17.65,14400,9700,11200,21100,23800,69600,17.62
775,1346,BRB3SAACNOR6BR00,B3SA3,1622479579574391,17.61,17.6,17.59,17.62,17.63,17.64,7100,8600,11200,2600,10400,25500,17.62
776,1346,BRB3SAACNOR6BR00,B3SA3,1622479579576504,17.61,17.6,17.59,17.62,17.63,17.64,7100,8600,11200,3200,10900,25500,17.62
777,1346,BRB3SAACNOR6BR00,B3SA3,1622479579589449,17.6,17.59,17.58,17.61,17.62,17.63,5000,11200,7400,3300,3200,14000,17.61
778,1346,BRB3SAACNOR6BR00,B3SA3,1622479579591365,17.6,17.59,17.58,17.61,17.62,17.63,5000,11200,7400,3300,6900,11000,17.61
779,1346,BRB3SAACNOR6BR00,B3SA3,1622479579643490,17.6,17.59,17.58,17.61,17.62,17.63,5000,33300,7400,100,6900,11000,17.61
780,1346,BRB3SAACNOR6BR00,B3SA3,1622479579645134,17.6,17.59,17.58,17.62,17.63,17.64,5000,33300,7400,3400,11000,22400,17.61
781,1346,BRB3SAACNOR6BR00,B3SA3,1622479579896253,17.61,17.6,17.59,17.62,17.63,17.64,1500,9400,33300,100,13900,22400,17.62
782,1346,BRB3SAACNOR6BR00,B3SA3,1622479579897765,17.61,17.6,17.59,17.63,17.64,17.65,1500,9400,33300,14000,22400,42700,17.62
783,1346,BRB3SAACNOR6BR00,B3SA3,1622479579995475,17.61,17.6,17.59,17.62,17.63,17.64,7100,9400,33300,25000,12700,25600,17.63
784,1346,BRB3SAACNOR6BR00,B3SA3,1622479579998704,17.61,17.6,17.59,17.62,17.63,17.64,7100,9400,33300,25100,12600,25600,17.63
785,1346,BRB3SAACNOR6BR00,B3SA3,1622479612523500,17.61,17.6,17.59,17.62,17.63,17.64,10500,10900,6400,43600,17900,24400,17.62
786,1346,BRB3SAACNOR6BR00,B3SA3,1622479612569376,17.61,17.6,17.59,17.62,17.63,17.64,11500,10900,6400,43600,17900,24400,17.62
787,1346,BRB3SAACNOR6BR00,B3SA3,1622479612570705,17.61,17.6,17.59,17.62,17.63,17.64,11500,10900,6400,43700,17900,24400,17.62
788,1346,BRB3SAACNOR6BR00,B3SA3,1622479617242167,17.6,17.59,17.58,17.61,17.62,17.63,9000,5300,33100,3300,33800,22100,17.61
789,1346,BRB3SAACNOR6BR00,B3SA3,1622479617244208,17.6,17.59,17.58,17.61,17.62,17.63,9000,5300,33000,4900,33600,19000,17.61
790,1346,BRB3SAACNOR6BR00,B3SA3,1622479617440348,17.6,17.59,17.58,17.61,17.62,17.63,9200,6400,33000,3700,27600,19100,17.61
791,1346,BRB3SAACNOR6BR00,B3SA3,1622479617440985,17.6,17.59,17.58,17.61,17.62,17.63,9200,6400,33000,3700,27600,22400,17.61
792,1346,BRB3SAACNOR6BR00,B3SA3,1622479617442299,17.6,17.59,17.58,17.61,17.62,17.63,9200,6400,33000,3800,27600,22400,17.61
793,1346,BRB3SAACNOR6BR00,B3SA3,1622479621019042,17.6,17.59,17.58,17.61,17.62,17.63,15100,6400,33100,12600,22300,21100,17.61
794,1346,BRB3SAACNOR6BR00,B3SA3,1622479621019716,17.6,17.59,17.58,17.61,17.62,17.63,15100,6400,33100,9300,22300,21100,17.61
795,1346,BRB3SAACNOR6BR00,B3SA3,1622479621021595,17.6,17.59,17.58,17.61,17.62,17.63,18900,6400,33100,8900,22300,18000,17.61
796,1346,BRB3SAACNOR6BR00,B3SA3,1622479633605047,17.59,17.58,17.57,17.6,17.61,17.62,1600,6000,35600,3300,28500,26100,17.6
797,1346,BRB3SAACNOR6BR00,B3SA3,1622479633606518,17.59,17.58,17.57,17.6,17.61,17.62,1600,6000,35600,4900,31500,22900,17.6
798,1346,BRB3SAACNOR6BR00,B3SA3,1622479646328777,17.59,17.58,17.57,17.6,17.61,17.62,8900,5100,8700,32600,21100,19400,17.6
799,1346,BRB3SAACNOR6BR00,B3SA3,1622479646329988,17.59,17.58,17.57,17.6,17.61,17.62,8900,6200,8700,32600,21100,19400,17.6
800,1346,BRB3SAACNOR6BR00,B3SA3,1622479646331369,17.59,17.58,17.57,17.6,17.61,17.62,8900,6200,8700,32700,21100,19400,17.6
801,1346,BRB3SAACNOR6BR00,B3SA3,1622479714001338,17.59,17.58,17.57,17.6,17.61,17.62,19800,6300,8700,31100,19500,25500,17.6
802,1346,BRB3SAACNOR6BR00,B3SA3,1622479714015659,17.59,17.58,17.57,17.6,17.61,17.62,18800,6300,8700,31000,19500,25500,17.6
803,1346,BRB3SAACNOR6BR00,B3SA3,1622479714017033,17.59,17.58,17.57,17.6,17.61,17.62,18800,6300,8700,31100,19500,25500,17.6
804,1346,BRB3SAACNOR6BR00,B3SA3,1622479740530869,17.58,17.57,17.56,17.59,17.6,17.61,1700,8700,32700,3300,31500,22800,17.59
805,1346,BRB3SAACNOR6BR00,B3SA3,1622479740532994,17.58,17.57,17.56,17.59,17.6,17.61,1700,8700,32700,5400,34700,19800,17.59
806,1346,BRB3SAACNOR6BR00,B3SA3,1622479740626620,17.58,17.57,17.56,17.59,17.6,17.61,3200,8700,32700,2200,29800,22900,17.59
807,1346,BRB3SAACNOR6BR00,B3SA3,1622479740629264,17.58,17.57,17.56,17.59,17.6,17.61,3200,8700,32700,2200,29800,23000,17.59
808,1346,BRB3SAACNOR6BR00,B3SA3,1622479740630623,17.58,17.57,17.56,17.59,17.6,17.61,6500,8700,32700,2300,29800,23000,17.59
809,1346,BRB3SAACNOR6BR00,B3SA3,1622479749848290,17.58,17.57,17.56,17.59,17.6,17.61,18700,8700,32700,29900,28200,7500,17.59
810,1346,BRB3SAACNOR6BR00,B3SA3,1622479749884706,17.58,17.57,17.56,17.59,17.6,17.61,19700,8700,32700,29900,28200,7500,17.59
811,1346,BRB3SAACNOR6BR00,B3SA3,1622479749886156,17.58,17.57,17.56,17.59,17.6,17.61,19700,8700,32700,30000,28200,7500,17.59
812,1346,BRB3SAACNOR6BR00,B3SA3,1622479801770130,17.58,17.57,17.56,17.59,17.6,17.61,16500,9800,5600,29000,23800,10800,17.59
813,1346,BRB3SAACNOR6BR00,B3SA3,1622479801771840,17.58,17.57,17.56,17.59,17.6,17.61,19800,9800,5600,29000,23800,10800,17.59
814,1346,BRB3SAACNOR6BR00,B3SA3,1622479801773420,17.58,17.57,17.56,17.59,17.6,17.61,19800,9800,5600,29100,23800,10800,17.59
815,1346,BRB3SAACNOR6BR00,B3SA3,1622479824477876,17.57,17.56,17.55,17.58,17.59,17.6,4100,6300,40400,3300,42800,23700,17.58
816,1346,BRB3SAACNOR6BR00,B3SA3,1622479824480119,17.57,17.56,17.55,17.58,17.59,17.6,4100,6300,40400,4400,42700,23700,17.58
817,1346,BRB3SAACNOR6BR00,B3SA3,1622479824508874,17.57,17.56,17.55,17.59,17.6,17.61,800,6100,40400,43200,23700,7500,17.58
818,1346,BRB3SAACNOR6BR00,B3SA3,1622479824509097,17.57,17.56,17.55,17.59,17.6,17.61,800,6100,40400,43200,23700,7500,17.58
819,1346,BRB3SAACNOR6BR00,B3SA3,1622479824512133,17.57,17.56,17.55,17.59,17.6,17.61,1300,6100,40400,43200,23700,7500,17.58
820,1346,BRB3SAACNOR6BR00,B3SA3,1622479824513579,17.58,17.57,17.56,17.59,17.6,17.61,900,4600,6100,36700,23700,7500,17.58
821,1346,BRB3SAACNOR6BR00,B3SA3,1622479848318951,17.57,17.56,17.55,17.58,17.59,17.6,4700,6300,40400,3300,30700,28800,17.58
822,1346,BRB3SAACNOR6BR00,B3SA3,1622479848321469,17.57,17.56,17.55,17.58,17.59,17.6,4700,6300,40400,100,30600,28800,17.58
823,1346,BRB3SAACNOR6BR00,B3SA3,1622479848323209,17.57,17.56,17.55,17.58,17.59,17.6,4700,6300,40400,100,30500,28800,17.58
824,1346,BRB3SAACNOR6BR00,B3SA3,1622479848323903,17.57,17.56,17.55,17.59,17.6,17.61,4700,6300,40400,31100,28800,5600,17.58
825,1346,BRB3SAACNOR6BR00,B3SA3,1622479848324338,17.57,17.56,17.55,17.59,17.6,17.61,1200,6300,40400,31100,28800,5600,17.58
826,1346,BRB3SAACNOR6BR00,B3SA3,1622479848326810,17.58,17.57,17.56,17.59,17.6,17.61,900,5000,6300,31200,28800,5600,17.58
827,1346,BRB3SAACNOR6BR00,B3SA3,1622479854079979,17.58,17.57,17.56,17.59,17.6,17.61,1100,9200,6300,30400,28900,5600,17.58
828,1346,BRB3SAACNOR6BR00,B3SA3,1622479854080638,17.58,17.57,17.56,17.59,17.6,17.61,1100,9200,6300,30400,28900,5600,17.59
829,1346,BRB3SAACNOR6BR00,B3SA3,1622479854086204,17.58,17.57,17.56,17.59,17.6,17.61,4800,8100,6300,100,10400,5500,17.59
830,1346,BRB3SAACNOR6BR00,B3SA3,1622479854086802,17.58,17.57,17.56,17.59,17.6,17.61,4800,8100,6300,100,9300,5500,17.59
831,1346,BRB3SAACNOR6BR00,B3SA3,1622479854087878,17.59,17.58,17.57,17.6,17.61,17.62,3200,8300,8100,9300,5500,47800,17.59
832,1346,BRB3SAACNOR6BR00,B3SA3,1622479854089027,17.59,17.58,17.57,17.6,17.61,17.62,3700,8300,8100,9300,5500,47800,17.59
833,1346,BRB3SAACNOR6BR00,B3SA3,1622479854090531,17.59,17.58,17.57,17.6,17.61,17.62,500,5400,8100,9400,5500,47800,17.59
834,1346,BRB3SAACNOR6BR00,B3SA3,1622479854318082,17.58,17.57,17.56,17.59,17.6,17.61,8300,9300,6200,900,8500,5600,17.6
835,1346,BRB3SAACNOR6BR00,B3SA3,1622479854319519,17.58,17.57,17.56,17.59,17.6,17.61,8300,9300,6200,100,8300,5600,17.6
836,1346,BRB3SAACNOR6BR00,B3SA3,1622479854357670,17.58,17.57,17.56,17.6,17.61,17.62,8300,9300,6200,7900,5600,51000,17.6
837,1346,BRB3SAACNOR6BR00,B3SA3,1622479854357863,17.58,17.57,17.56,17.6,17.61,17.62,8300,9300,6200,7900,5600,51000,17.6
838,1346,BRB3SAACNOR6BR00,B3SA3,1622479854380314,17.58,17.57,17.56,17.6,17.61,17.62,8300,9300,6200,7600,5600,51000,17.6
839,1346,BRB3SAACNOR6BR00,B3SA3,1622479854381589,17.58,17.57,17.56,17.6,17.61,17.62,8300,9300,6200,7700,5600,51000,17.6
