,MappingNumber,EsteeID,Ticker, CurrTimeInMicroSeconds, BP1, BP2, BP3, AP1, AP2, AP3, BQ1, BQ2, BQ3, AQ1, AQ2, AQ3, LTP
0,129,BRAALRACNOR6BR00,AALR3,1620664534743490,9.02,9.01,9.0,9.03,9.04,9.05,800,1200,2000,700,1200,3000,9.03
1,129,BRAALRACNOR6BR00,AALR3,1620664534743547,9.02,9.01,9.0,9.03,9.04,9.05,800,1200,2000,700,1200,3000,9.03
2,129,BRAALRACNOR6BR00,AALR3,1620664538408096,9.02,9.01,9.0,9.03,9.04,9.05,800,1200,2000,600,1200,3000,9.03
3,129,BRAALRACNOR6BR00,AALR3,1620664538409408,9.02,9.01,9.0,9.03,9.04,9.05,900,1200,2000,600,1200,3000,9.03
4,129,BRAALRACNOR6BR00,AALR3,1620664672005308,9.03,9.02,9.01,9.04,9.05,9.06,600,1300,1200,700,3000,4700,9.04
5,129,BRAALRACNOR6BR00,AALR3,1620664672006747,9.03,9.02,9.01,9.04,9.05,9.06,1300,1400,2000,700,3000,4700,9.04
6,129,BRAALRACNOR6BR00,AALR3,1620664672549441,9.03,9.02,9.01,9.04,9.05,9.06,100,1900,2000,700,3000,4700,9.04
7,129,BRAALRACNOR6BR00,AALR3,1620664672550805,9.02,9.01,9.0,9.04,9.05,9.06,1800,2000,2000,700,3000,4700,9.04
8,129,BRAALRACNOR6BR00,AALR3,1620664672703417,9.03,9.02,9.01,9.04,9.05,9.06,100,1800,2000,700,3000,4700,9.04
9,129,BRAALRACNOR6BR00,AALR3,1620664672704692,9.03,9.02,9.01,9.04,9.05,9.06,400,1700,2000,700,3000,4700,9.04
10,129,BRAALRACNOR6BR00,AALR3,1620664706709843,9.03,9.02,9.01,9.04,9.05,9.06,400,1600,2000,1400,3000,4700,9.03
11,129,BRAALRACNOR6BR00,AALR3,1620664707207507,9.03,9.02,9.01,9.04,9.05,9.06,600,1600,2000,1400,3000,4700,9.03
12,129,BRAALRACNOR6BR00,AALR3,1620664707208813,9.03,9.02,9.01,9.04,9.05,9.06,700,1600,2000,1400,3000,4700,9.03
13,129,BRAALRACNOR6BR00,AALR3,1620664713964548,9.02,9.01,9.0,9.03,9.04,9.05,1600,2000,2000,1200,1700,3000,9.03
14,129,BRAALRACNOR6BR00,AALR3,1620664713964748,9.02,9.01,9.0,9.03,9.04,9.05,1600,2000,2000,1200,1700,3000,9.03
15,129,BRAALRACNOR6BR00,AALR3,1620664713965543,9.02,9.01,9.0,9.03,9.04,9.05,1600,1400,2000,1200,1700,3000,9.03
16,129,BRAALRACNOR6BR00,AALR3,1620664713966692,9.02,9.01,9.0,9.03,9.04,9.05,1700,1400,2000,1200,1700,3000,9.03
17,129,BRAALRACNOR6BR00,AALR3,1620664721957959,9.01,9.0,8.99,9.03,9.04,9.05,1100,2000,2100,1200,2300,3000,9.01
18,129,BRAALRACNOR6BR00,AALR3,1620664721958113,9.01,9.0,8.99,9.03,9.04,9.05,1100,2000,2100,1200,2300,3000,9.01
19,129,BRAALRACNOR6BR00,AALR3,1620664721958820,9.01,9.0,8.99,9.03,9.04,9.05,1100,2000,2100,1400,2300,3000,9.01
20,129,BRAALRACNOR6BR00,AALR3,1620664721960250,9.01,9.0,8.99,9.03,9.04,9.05,1300,1400,2300,2400,2300,3000,9.01
21,129,BRAALRACNOR6BR00,AALR3,1620664801760555,9.01,9.0,8.99,9.03,9.04,9.05,3100,1400,2300,2000,2200,6700,9.02
22,129,BRAALRACNOR6BR00,AALR3,1620664801762004,9.02,9.01,9.0,9.03,9.04,9.05,100,3000,1200,2000,2200,6700,9.02
23,129,BRAALRACNOR6BR00,AALR3,1620664831814140,9.02,9.01,9.0,9.03,9.04,9.05,200,1500,1800,1700,2200,6700,9.02
24,129,BRAALRACNOR6BR00,AALR3,1620664831814876,9.01,9.0,8.99,9.03,9.04,9.05,1500,1800,2100,1700,2200,6700,9.02
25,129,BRAALRACNOR6BR00,AALR3,1620664831816122,9.01,9.0,8.99,9.03,9.04,9.05,1600,1200,2100,2100,2800,6700,9.02
26,129,BRAALRACNOR6BR00,AALR3,1620664873750307,9.02,9.01,9.0,9.03,9.04,9.05,600,2900,1200,1700,2200,6700,9.01
27,129,BRAALRACNOR6BR00,AALR3,1620664873751953,9.02,9.01,9.0,9.03,9.04,9.05,1000,2800,1200,1700,2200,6700,9.01
28,129,BRAALRACNOR6BR00,AALR3,1620664889658120,9.02,9.01,9.0,9.03,9.04,9.05,800,700,1200,1700,2200,6700,9.01
29,129,BRAALRACNOR6BR00,AALR3,1620664889658232,9.01,9.0,8.99,9.03,9.04,9.05,100,1200,2100,1700,2200,6700,9.01
30,129,BRAALRACNOR6BR00,AALR3,1620664889659668,9.01,9.0,8.99,9.02,9.03,9.04,500,1200,2100,600,2100,2800,9.01
31,129,BRAALRACNOR6BR00,AALR3,1620664898083441,9.02,9.01,9.0,9.03,9.04,9.05,600,1600,2100,1700,2200,6700,9.02
32,129,BRAALRACNOR6BR00,AALR3,1620664898084615,9.02,9.01,9.0,9.03,9.04,9.05,700,1500,1500,1700,2200,6700,9.02
33,129,BRAALRACNOR6BR00,AALR3,1620664946215824,9.02,9.01,9.0,9.04,9.05,9.06,1500,1300,1400,2200,6700,1600,9.03
34,129,BRAALRACNOR6BR00,AALR3,1620664946217162,9.03,9.02,9.01,9.04,9.05,9.06,100,1400,1900,2200,6100,1600,9.03
35,129,BRAALRACNOR6BR00,AALR3,1620664982012887,9.03,9.02,9.01,9.04,9.05,9.06,700,1500,1900,1600,6100,800,9.03
36,129,BRAALRACNOR6BR00,AALR3,1620664982013231,9.03,9.02,9.01,9.04,9.05,9.06,400,1500,1900,1600,6100,800,9.03
37,129,BRAALRACNOR6BR00,AALR3,1620664982016337,9.03,9.02,9.01,9.04,9.05,9.06,300,1500,1900,2000,6100,800,9.03
38,129,BRAALRACNOR6BR00,AALR3,1620664982079214,9.03,9.02,9.01,9.04,9.05,9.06,100,1500,1900,2000,6100,800,9.03
39,129,BRAALRACNOR6BR00,AALR3,1620664982079703,9.02,9.01,9.0,9.04,9.05,9.06,1500,1900,2000,2000,6100,800,9.03
40,129,BRAALRACNOR6BR00,AALR3,1620664982080097,9.02,9.01,9.0,9.04,9.05,9.06,1500,1300,2000,2000,6100,800,9.03
41,129,BRAALRACNOR6BR00,AALR3,1620664982081294,9.02,9.01,9.0,9.04,9.05,9.06,1600,1300,2000,2600,6100,800,9.03
42,129,BRAALRACNOR6BR00,AALR3,1620665121173465,9.02,9.01,9.0,9.04,9.05,9.06,3300,1300,2000,1500,6100,1900,9.04
43,129,BRAALRACNOR6BR00,AALR3,1620665121174761,9.03,9.02,9.01,9.04,9.05,9.06,100,3200,1300,1500,6100,1900,9.04
44,129,BRAALRACNOR6BR00,AALR3,1620665125421304,9.03,9.02,9.01,9.04,9.05,9.06,100,1900,1300,1500,6100,1900,9.03
45,129,BRAALRACNOR6BR00,AALR3,1620665125422191,9.03,9.02,9.01,9.04,9.05,9.06,100,1900,1300,1900,6100,1900,9.03
46,129,BRAALRACNOR6BR00,AALR3,1620665125423618,9.03,9.02,9.01,9.04,9.05,9.06,200,1900,1300,1900,6100,1900,9.03
47,129,BRAALRACNOR6BR00,AALR3,1620665179476524,9.03,9.02,9.01,9.04,9.05,9.06,1300,1500,1300,500,6100,1300,9.04
48,129,BRAALRACNOR6BR00,AALR3,1620665179478013,9.03,9.02,9.01,9.04,9.05,9.06,1200,1500,1300,400,6100,1300,9.04
49,129,BRAALRACNOR6BR00,AALR3,1620665179478206,9.03,9.02,9.01,9.04,9.05,9.06,1200,1500,1300,400,6100,1300,9.04
50,129,BRAALRACNOR6BR00,AALR3,1620665179734161,9.03,9.02,9.01,9.05,9.06,9.07,1200,1500,1300,6100,1300,4200,9.04
51,129,BRAALRACNOR6BR00,AALR3,1620665179735534,9.04,9.03,9.02,9.05,9.06,9.07,100,1600,2100,6100,1300,4200,9.04
52,129,BRAALRACNOR6BR00,AALR3,1620665180441107,9.04,9.03,9.02,9.05,9.06,9.07,500,2000,2100,6100,1300,4200,9.04
53,129,BRAALRACNOR6BR00,AALR3,1620665180442436,9.04,9.03,9.02,9.05,9.06,9.07,400,2000,2100,6000,1300,4200,9.05
54,129,BRAALRACNOR6BR00,AALR3,1620665180442651,9.04,9.03,9.02,9.05,9.06,9.07,400,2000,2100,6000,1300,4200,9.05
55,129,BRAALRACNOR6BR00,AALR3,1620665180447002,9.04,9.03,9.02,9.05,9.06,9.07,400,2000,2100,4700,1300,4200,9.05
56,129,BRAALRACNOR6BR00,AALR3,1620665180448397,9.04,9.03,9.02,9.05,9.06,9.07,1100,2200,2100,4600,1300,4200,9.05
57,129,BRAALRACNOR6BR00,AALR3,1620665180448598,9.04,9.03,9.02,9.05,9.06,9.07,1100,2200,2100,4600,1300,4200,9.05
58,132,BRABCBACNPR4BR00,ABCB4,1620664534741345,14.82,14.81,14.8,14.83,14.84,14.85,3900,1000,3600,100,800,800,14.83
59,132,BRABCBACNPR4BR00,ABCB4,1620664534741359,14.82,14.81,14.8,14.83,14.84,14.85,3900,1000,3600,100,800,800,14.83
60,132,BRABCBACNPR4BR00,ABCB4,1620664544394278,14.82,14.81,14.8,14.83,14.84,14.85,3900,1000,3600,100,800,800,14.83
61,132,BRABCBACNPR4BR00,ABCB4,1620664544395530,14.82,14.81,14.8,14.83,14.84,14.85,4000,1000,3600,100,800,800,14.83
62,132,BRABCBACNPR4BR00,ABCB4,1620664544415652,14.83,14.82,14.81,14.84,14.85,14.86,200,4000,1000,800,1100,1500,14.82
63,132,BRABCBACNPR4BR00,ABCB4,1620664544417131,14.83,14.82,14.81,14.84,14.85,14.86,600,2100,1600,800,900,1700,14.82
64,132,BRABCBACNPR4BR00,ABCB4,1620664578939582,14.83,14.82,14.81,14.84,14.85,14.86,3500,600,1600,400,500,1600,14.83
65,132,BRABCBACNPR4BR00,ABCB4,1620664578940577,14.83,14.82,14.81,14.84,14.85,14.86,3500,600,1600,400,500,2000,14.83
66,132,BRABCBACNPR4BR00,ABCB4,1620664578941737,14.83,14.82,14.81,14.84,14.85,14.86,2300,600,1600,400,500,2000,14.83
67,132,BRABCBACNPR4BR00,ABCB4,1620664587298742,14.84,14.83,14.82,14.86,14.87,14.88,300,1000,900,1400,1200,1500,14.86
68,132,BRABCBACNPR4BR00,ABCB4,1620664587300522,14.84,14.83,14.82,14.85,14.86,14.87,700,1000,1100,400,700,1800,14.86
69,132,BRABCBACNPR4BR00,ABCB4,1620664587301383,14.83,14.82,14.81,14.85,14.86,14.87,1000,1500,2000,500,700,1800,14.84
70,132,BRABCBACNPR4BR00,ABCB4,1620664587301537,14.83,14.82,14.81,14.85,14.86,14.87,1000,1900,2000,500,700,1800,14.84
71,132,BRABCBACNPR4BR00,ABCB4,1620664587301884,14.83,14.82,14.81,14.85,14.86,14.87,900,1900,2100,500,700,1800,14.84
72,132,BRABCBACNPR4BR00,ABCB4,1620664587303098,14.83,14.82,14.81,14.84,14.85,14.86,1000,1100,2100,200,500,700,14.84
73,132,BRABCBACNPR4BR00,ABCB4,1620664697649323,14.83,14.82,14.81,14.84,14.85,14.86,300,500,2300,600,500,1600,14.83
74,132,BRABCBACNPR4BR00,ABCB4,1620664705198181,14.83,14.82,14.81,14.84,14.85,14.86,200,500,2300,500,500,1600,14.83
75,132,BRABCBACNPR4BR00,ABCB4,1620664705199486,14.83,14.82,14.81,14.84,14.85,14.86,300,500,2300,500,500,1600,14.83
76,132,BRABCBACNPR4BR00,ABCB4,1620664757668642,14.83,14.82,14.81,14.84,14.85,14.86,100,400,2300,500,500,1600,14.83
77,132,BRABCBACNPR4BR00,ABCB4,1620664757669448,14.83,14.82,14.81,14.84,14.85,14.86,100,400,2300,700,500,1600,14.83
78,132,BRABCBACNPR4BR00,ABCB4,1620664757670616,14.83,14.82,14.81,14.84,14.85,14.86,200,300,1900,700,500,1600,14.83
79,132,BRABCBACNPR4BR00,ABCB4,1620664781821300,14.83,14.82,14.81,14.84,14.85,14.86,100,300,2300,1000,500,1600,14.83
80,132,BRABCBACNPR4BR00,ABCB4,1620664781821505,14.82,14.81,14.8,14.84,14.85,14.86,300,2300,2400,1000,500,1600,14.83
81,132,BRABCBACNPR4BR00,ABCB4,1620664781821525,14.82,14.81,14.8,14.83,14.84,14.85,300,2300,2400,200,1000,500,14.83
82,132,BRABCBACNPR4BR00,ABCB4,1620664781840538,14.82,14.81,14.8,14.83,14.84,14.85,300,900,3000,300,1000,1300,14.83
83,132,BRABCBACNPR4BR00,ABCB4,1620664817702983,14.82,14.81,14.8,14.83,14.84,14.85,700,900,3300,500,600,1300,14.82
84,132,BRABCBACNPR4BR00,ABCB4,1620664817711613,14.82,14.81,14.8,14.83,14.84,14.85,900,900,3300,500,600,1300,14.82
85,132,BRABCBACNPR4BR00,ABCB4,1620664817712895,14.82,14.81,14.8,14.83,14.84,14.85,1000,900,3300,300,600,1300,14.82
86,132,BRABCBACNPR4BR00,ABCB4,1620664901727917,14.82,14.81,14.8,14.84,14.85,14.86,800,900,3300,800,900,1300,14.82
87,132,BRABCBACNPR4BR00,ABCB4,1620664901729199,14.83,14.82,14.81,14.84,14.85,14.86,100,700,900,800,900,1300,14.82
88,132,BRABCBACNPR4BR00,ABCB4,1620664904661037,14.82,14.81,14.8,14.84,14.85,14.86,700,1300,2700,900,900,1700,14.83
89,132,BRABCBACNPR4BR00,ABCB4,1620664904661595,14.82,14.81,14.8,14.84,14.85,14.86,700,900,2700,900,900,1700,14.83
90,132,BRABCBACNPR4BR00,ABCB4,1620664904662963,14.82,14.81,14.8,14.83,14.84,14.85,500,900,3100,400,900,1300,14.83
91,132,BRABCBACNPR4BR00,ABCB4,1620664904663008,14.82,14.81,14.8,14.83,14.84,14.85,300,900,3100,400,900,1300,14.83
92,132,BRABCBACNPR4BR00,ABCB4,1620664904663223,14.82,14.81,14.8,14.83,14.84,14.85,300,900,3100,400,900,1300,14.83
93,132,BRABCBACNPR4BR00,ABCB4,1620664904749304,14.82,14.81,14.8,14.83,14.84,14.85,300,900,3100,500,900,1300,14.83
94,132,BRABCBACNPR4BR00,ABCB4,1620664904750535,14.82,14.81,14.8,14.83,14.84,14.85,300,900,3100,500,900,1300,14.83
95,132,BRABCBACNPR4BR00,ABCB4,1620664997763369,14.82,14.81,14.8,14.83,14.84,14.85,500,600,3100,200,600,1300,14.82
96,132,BRABCBACNPR4BR00,ABCB4,1620664997764209,14.82,14.81,14.8,14.83,14.84,14.85,700,600,3100,200,600,1300,14.82
97,132,BRABCBACNPR4BR00,ABCB4,1620664997766042,14.82,14.81,14.8,14.83,14.84,14.85,1100,600,3100,100,600,1300,14.82
98,132,BRABCBACNPR4BR00,ABCB4,1620665038504959,14.81,14.8,14.79,14.82,14.83,14.84,800,3100,700,6600,300,600,14.82
99,132,BRABCBACNPR4BR00,ABCB4,1620665038505217,14.81,14.8,14.79,14.82,14.83,14.84,800,3100,700,6600,300,600,14.82
100,132,BRABCBACNPR4BR00,ABCB4,1620665038505756,14.81,14.8,14.79,14.82,14.83,14.84,800,2700,700,6600,300,600,14.82
101,132,BRABCBACNPR4BR00,ABCB4,1620665038507068,14.81,14.8,14.79,14.82,14.83,14.84,700,900,1300,6600,500,1000,14.82
102,132,BRABCBACNPR4BR00,ABCB4,1620665048317916,14.8,14.79,14.78,14.81,14.82,14.83,800,1300,1600,6000,200,600,14.81
103,132,BRABCBACNPR4BR00,ABCB4,1620665048318131,14.8,14.79,14.78,14.81,14.82,14.83,800,1300,1600,6000,200,600,14.81
104,132,BRABCBACNPR4BR00,ABCB4,1620665048318696,14.8,14.79,14.78,14.81,14.82,14.83,800,1200,1600,6000,200,600,14.81
105,132,BRABCBACNPR4BR00,ABCB4,1620665048319927,14.8,14.79,14.78,14.81,14.82,14.83,900,500,1700,6200,600,200,14.81
106,132,BRABCBACNPR4BR00,ABCB4,1620665048823458,14.81,14.8,14.79,14.82,14.83,14.84,200,1200,500,200,600,600,14.81
107,132,BRABCBACNPR4BR00,ABCB4,1620665048824902,14.81,14.8,14.79,14.82,14.83,14.84,900,1100,1600,400,200,600,14.81
108,132,BRABCBACNPR4BR00,ABCB4,1620665093914320,14.82,14.81,14.8,14.83,14.84,14.85,200,900,500,200,600,1600,14.82
109,132,BRABCBACNPR4BR00,ABCB4,1620665093915774,14.82,14.81,14.8,14.83,14.84,14.85,500,800,2000,300,600,2000,14.82
110,132,BRABCBACNPR4BR00,ABCB4,1620665143784196,14.82,14.81,14.8,14.83,14.84,14.85,600,800,2100,400,600,2000,14.83
111,132,BRABCBACNPR4BR00,ABCB4,1620665143785535,14.82,14.81,14.8,14.83,14.84,14.85,500,800,2100,300,600,2000,14.83
112,132,BRABCBACNPR4BR00,ABCB4,1620665143785704,14.82,14.81,14.8,14.83,14.84,14.85,500,800,2100,300,600,2000,14.83
113,132,BRABCBACNPR4BR00,ABCB4,1620665146598295,14.82,14.81,14.8,14.83,14.84,14.85,500,800,2100,500,600,2000,14.83
114,132,BRABCBACNPR4BR00,ABCB4,1620665146599577,14.82,14.81,14.8,14.83,14.84,14.85,500,800,2100,400,600,2000,14.83
115,132,BRABCBACNPR4BR00,ABCB4,1620665146599822,14.82,14.81,14.8,14.83,14.84,14.85,500,800,2100,400,600,2000,14.83
116,132,BRABCBACNPR4BR00,ABCB4,1620665146614487,14.82,14.81,14.8,14.83,14.84,14.85,500,800,2100,500,600,2000,14.83
117,132,BRABCBACNPR4BR00,ABCB4,1620665146615846,14.82,14.81,14.8,14.83,14.84,14.85,500,800,2100,400,600,2000,14.83
118,132,BRABCBACNPR4BR00,ABCB4,1620665146616076,14.82,14.81,14.8,14.83,14.84,14.85,500,800,2100,400,600,2000,14.83
119,139,BRABEVACNOR1BR00,ABEV3,1620664533526969,16.6,16.59,16.58,16.61,16.62,16.63,69600,22600,28300,24300,49200,28800,16.6
120,139,BRABEVACNOR1BR00,ABEV3,1620664533526990,16.6,16.59,16.58,16.61,16.62,16.63,69600,22600,28300,24300,49200,28800,16.6
121,139,BRABEVACNOR1BR00,ABEV3,1620664533530706,16.6,16.59,16.58,16.61,16.62,16.63,69500,22600,28300,24300,49200,28800,16.6
122,139,BRABEVACNOR1BR00,ABEV3,1620664533530723,16.6,16.59,16.58,16.61,16.62,16.63,69500,22600,28300,24300,49200,28800,16.6
123,139,BRABEVACNOR1BR00,ABEV3,1620664534534758,16.6,16.59,16.58,16.61,16.62,16.63,69500,22600,28300,24200,49200,28800,16.61
124,139,BRABEVACNOR1BR00,ABEV3,1620664534534776,16.6,16.59,16.58,16.61,16.62,16.63,69500,22600,28300,24200,49200,28800,16.61
125,139,BRABEVACNOR1BR00,ABEV3,1620664534741541,16.6,16.59,16.58,16.61,16.62,16.63,69500,22600,28300,23400,49200,28800,16.61
126,139,BRABEVACNOR1BR00,ABEV3,1620664534741586,16.6,16.59,16.58,16.61,16.62,16.63,69500,22600,28300,23400,49200,28800,16.61
127,139,BRABEVACNOR1BR00,ABEV3,1620664535786052,16.6,16.59,16.58,16.61,16.62,16.63,69500,22600,28300,23300,49200,28800,16.61
128,139,BRABEVACNOR1BR00,ABEV3,1620664535786073,16.6,16.59,16.58,16.61,16.62,16.63,69500,22600,28300,23300,49200,28800,16.61
129,139,BRABEVACNOR1BR00,ABEV3,1620664537287569,16.6,16.59,16.58,16.61,16.62,16.63,69500,22600,28300,23300,49200,29000,16.61
130,139,BRABEVACNOR1BR00,ABEV3,1620664537288794,16.6,16.59,16.58,16.61,16.62,16.63,69600,22600,28300,23300,49200,29000,16.61
131,139,BRABEVACNOR1BR00,ABEV3,1620664562804775,16.59,16.58,16.57,16.6,16.61,16.62,23600,31400,31200,500,33800,52600,16.6
132,139,BRABEVACNOR1BR00,ABEV3,1620664562805026,16.59,16.58,16.57,16.6,16.61,16.62,23600,31400,31200,2800,33800,52600,16.6
133,139,BRABEVACNOR1BR00,ABEV3,1620664562805533,16.59,16.58,16.57,16.6,16.61,16.62,21300,31400,31200,2800,33800,52600,16.6
134,139,BRABEVACNOR1BR00,ABEV3,1620664562808251,16.59,16.58,16.57,16.6,16.61,16.62,20500,24800,31100,9400,38000,49300,16.6
135,139,BRABEVACNOR1BR00,ABEV3,1620664644448197,16.59,16.58,16.57,16.6,16.61,16.62,24500,30200,36300,14400,21000,57600,16.59
136,139,BRABEVACNOR1BR00,ABEV3,1620664644448896,16.59,16.58,16.57,16.6,16.61,16.62,24500,27000,36300,14400,21000,57600,16.59
137,139,BRABEVACNOR1BR00,ABEV3,1620664644450108,16.59,16.58,16.57,16.6,16.61,16.62,21800,27000,36300,19500,24500,57200,16.59
138,139,BRABEVACNOR1BR00,ABEV3,1620664664261272,16.58,16.57,16.56,16.6,16.61,16.62,24700,37900,33800,27900,24200,67500,16.59
139,139,BRABEVACNOR1BR00,ABEV3,1620664664261510,16.58,16.57,16.56,16.6,16.61,16.62,24700,37900,33800,27900,24200,67500,16.59
140,139,BRABEVACNOR1BR00,ABEV3,1620664664263560,16.58,16.57,16.56,16.6,16.61,16.62,24700,37900,33800,27900,24200,67500,16.59
141,139,BRABEVACNOR1BR00,ABEV3,1620664664265590,16.58,16.57,16.56,16.59,16.6,16.61,24700,31700,36500,3300,31900,21000,16.59
142,139,BRABEVACNOR1BR00,ABEV3,1620664686246858,16.59,16.58,16.57,16.6,16.61,16.62,21400,53600,29600,28300,29300,59900,16.59
143,139,BRABEVACNOR1BR00,ABEV3,1620664686249945,16.59,16.58,16.57,16.6,16.61,16.62,26500,54400,32800,15900,24000,59900,16.59
144,139,BRABEVACNOR1BR00,ABEV3,1620664743190778,16.59,16.58,16.57,16.6,16.61,16.62,15300,44500,28700,32700,34900,59700,16.6
145,139,BRABEVACNOR1BR00,ABEV3,1620664743190814,16.59,16.58,16.57,16.6,16.61,16.62,11700,44500,28700,31600,34900,59700,16.59
146,139,BRABEVACNOR1BR00,ABEV3,1620664743192556,16.59,16.58,16.57,16.6,16.61,16.62,100,44500,28700,31600,37600,59700,16.59
147,139,BRABEVACNOR1BR00,ABEV3,1620664743192999,16.59,16.58,16.57,16.6,16.61,16.62,100,44500,32200,31600,37600,59700,16.59
148,139,BRABEVACNOR1BR00,ABEV3,1620664743193569,16.58,16.57,16.56,16.59,16.6,16.61,43400,28700,34800,2200,31600,37600,16.59
149,139,BRABEVACNOR1BR00,ABEV3,1620664743193583,16.58,16.57,16.56,16.59,16.6,16.61,43400,28700,34800,7300,31600,37600,16.59
150,139,BRABEVACNOR1BR00,ABEV3,1620664743195847,16.58,16.57,16.56,16.59,16.6,16.61,43400,28700,34800,7800,36000,34300,16.59
151,139,BRABEVACNOR1BR00,ABEV3,1620664783878330,16.59,16.58,16.57,16.6,16.61,16.62,29900,64100,36700,39500,39300,59000,16.59
152,139,BRABEVACNOR1BR00,ABEV3,1620664783880623,16.59,16.58,16.57,16.6,16.61,16.62,37300,64100,40000,33100,39300,59000,16.59
153,139,BRABEVACNOR1BR00,ABEV3,1620664863240179,16.59,16.58,16.57,16.6,16.61,16.62,34600,51100,31900,35300,25000,61000,16.59
154,139,BRABEVACNOR1BR00,ABEV3,1620664863245723,16.59,16.58,16.57,16.6,16.61,16.62,34500,51100,31900,35200,25000,61000,16.6
155,139,BRABEVACNOR1BR00,ABEV3,1620664863246911,16.59,16.58,16.57,16.6,16.61,16.62,34600,51100,31900,35200,25000,61000,16.6
156,139,BRABEVACNOR1BR00,ABEV3,1620664920397600,16.59,16.58,16.57,16.6,16.61,16.62,29100,46100,36400,22600,28700,57600,16.6
157,139,BRABEVACNOR1BR00,ABEV3,1620664920397726,16.59,16.58,16.57,16.6,16.61,16.62,16100,46100,36400,22600,28700,57600,16.59
158,139,BRABEVACNOR1BR00,ABEV3,1620664920399252,16.59,16.58,16.57,16.6,16.61,16.62,16200,46100,30000,29700,28700,57600,16.59
159,139,BRABEVACNOR1BR00,ABEV3,1620664958725329,16.59,16.58,16.57,16.6,16.61,16.62,29800,36100,33500,27400,28500,57500,16.59
160,439,BRALPAACNPR7BR00,ALPA4,1620664534206217,45.69,45.68,45.67,45.72,45.73,45.74,300,400,400,200,800,800,45.7
161,439,BRALPAACNPR7BR00,ALPA4,1620664534206238,45.69,45.68,45.67,45.72,45.73,45.74,300,400,400,200,800,800,45.7
162,439,BRALPAACNPR7BR00,ALPA4,1620664534952225,45.69,45.68,45.67,45.72,45.73,45.74,300,400,400,200,800,700,45.7
163,439,BRALPAACNPR7BR00,ALPA4,1620664534953467,45.69,45.68,45.67,45.72,45.73,45.74,400,400,400,200,800,700,45.7
164,439,BRALPAACNPR7BR00,ALPA4,1620664534959217,45.7,45.69,45.68,45.72,45.73,45.74,100,500,300,200,800,700,45.7
165,439,BRALPAACNPR7BR00,ALPA4,1620664534960334,45.7,45.69,45.68,45.72,45.73,45.74,200,400,300,200,800,700,45.7
166,439,BRALPAACNPR7BR00,ALPA4,1620664567505941,45.71,45.7,45.69,45.76,45.77,45.78,300,1000,1500,400,300,2100,45.75
167,439,BRALPAACNPR7BR00,ALPA4,1620664567507397,45.71,45.7,45.69,45.77,45.78,45.79,500,1400,1500,300,1700,400,45.75
168,439,BRALPAACNPR7BR00,ALPA4,1620664567508072,45.72,45.71,45.7,45.77,45.78,45.79,300,500,1400,300,900,400,45.75
169,439,BRALPAACNPR7BR00,ALPA4,1620664567509307,45.72,45.71,45.7,45.77,45.78,45.79,500,400,1400,300,300,400,45.75
170,439,BRALPAACNPR7BR00,ALPA4,1620664567512762,45.73,45.72,45.71,45.77,45.78,45.79,300,600,100,300,300,400,45.75
171,439,BRALPAACNPR7BR00,ALPA4,1620664567513965,45.73,45.72,45.71,45.77,45.78,45.79,500,200,100,300,200,400,45.75
172,439,BRALPAACNPR7BR00,ALPA4,1620664567534761,45.73,45.72,45.71,45.75,45.77,45.78,100,200,100,100,300,300,45.75
173,439,BRALPAACNPR7BR00,ALPA4,1620664567536044,45.72,45.71,45.7,45.75,45.77,45.78,300,100,1400,100,300,300,45.75
174,439,BRALPAACNPR7BR00,ALPA4,1620664579114901,45.73,45.72,45.71,45.77,45.78,45.79,300,2000,300,100,600,900,45.74
175,439,BRALPAACNPR7BR00,ALPA4,1620664579116207,45.73,45.72,45.71,45.77,45.78,45.79,500,1900,300,100,600,900,45.74
176,439,BRALPAACNPR7BR00,ALPA4,1620664580159068,45.74,45.73,45.72,45.78,45.79,45.8,1200,600,700,700,800,1200,45.74
177,439,BRALPAACNPR7BR00,ALPA4,1620664580160328,45.74,45.73,45.72,45.78,45.79,45.8,1300,400,700,200,800,1200,45.74
178,439,BRALPAACNPR7BR00,ALPA4,1620664581187479,45.75,45.74,45.73,45.78,45.79,45.8,1200,500,400,400,800,1200,45.74
179,439,BRALPAACNPR7BR00,ALPA4,1620664581188754,45.75,45.74,45.73,45.78,45.79,45.8,1300,400,400,400,800,1200,45.74
180,439,BRALPAACNPR7BR00,ALPA4,1620664582216050,45.76,45.75,45.74,45.78,45.79,45.8,1200,200,400,400,800,1000,45.74
181,439,BRALPAACNPR7BR00,ALPA4,1620664582217336,45.76,45.75,45.74,45.78,45.79,45.8,1300,100,400,400,300,1000,45.74
182,439,BRALPAACNPR7BR00,ALPA4,1620664583246309,45.77,45.76,45.75,45.79,45.8,45.81,1200,200,100,400,1000,1200,45.74
183,439,BRALPAACNPR7BR00,ALPA4,1620664583247799,45.77,45.76,45.75,45.79,45.8,45.81,300,100,100,400,400,1200,45.77
184,439,BRALPAACNPR7BR00,ALPA4,1620664583248462,45.77,45.76,45.75,45.79,45.8,45.81,100,100,100,400,300,1200,45.77
185,439,BRALPAACNPR7BR00,ALPA4,1620664583248991,45.76,45.75,45.74,45.79,45.8,45.81,100,100,400,500,300,1200,45.77
186,439,BRALPAACNPR7BR00,ALPA4,1620664583249045,45.76,45.75,45.74,45.79,45.8,45.81,100,100,400,400,300,1200,45.77
187,439,BRALPAACNPR7BR00,ALPA4,1620664583250260,45.76,45.75,45.74,45.78,45.79,45.8,100,100,400,300,400,300,45.76
188,439,BRALPAACNPR7BR00,ALPA4,1620664583250405,45.76,45.75,45.74,45.78,45.79,45.8,100,100,400,300,500,300,45.76
189,439,BRALPAACNPR7BR00,ALPA4,1620664583251519,45.75,45.74,45.73,45.78,45.79,45.8,200,400,400,300,200,100,45.76
190,439,BRALPAACNPR7BR00,ALPA4,1620664623402143,45.76,45.75,45.74,45.8,45.81,45.82,200,1400,1500,1100,1000,1000,45.78
191,439,BRALPAACNPR7BR00,ALPA4,1620664623403590,45.76,45.75,45.74,45.8,45.81,45.82,400,1300,1500,1100,1000,700,45.78
192,439,BRALPAACNPR7BR00,ALPA4,1620664623414437,45.77,45.76,45.75,45.83,45.84,45.85,300,600,1500,600,1100,1200,45.82
193,439,BRALPAACNPR7BR00,ALPA4,1620664623415877,45.77,45.76,45.75,45.83,45.84,45.85,700,800,1300,100,300,100,45.82
194,439,BRALPAACNPR7BR00,ALPA4,1620664623416476,45.78,45.77,45.76,45.83,45.84,45.85,300,700,800,400,200,100,45.82
195,439,BRALPAACNPR7BR00,ALPA4,1620664623417899,45.78,45.77,45.76,45.83,45.84,45.85,500,600,800,400,200,100,45.82
196,439,BRALPAACNPR7BR00,ALPA4,1620664625682859,45.78,45.77,45.76,45.83,45.84,45.85,1100,1900,700,500,700,800,45.82
197,439,BRALPAACNPR7BR00,ALPA4,1620664625682927,45.77,45.76,45.75,45.83,45.84,45.85,1600,700,600,500,700,800,45.77
198,439,BRALPAACNPR7BR00,ALPA4,1620664625684320,45.77,45.76,45.75,45.82,45.83,45.84,1600,600,600,300,500,700,45.77
199,439,BRALPAACNPR7BR00,ALPA4,1620664630666762,45.78,45.77,45.76,45.81,45.82,45.83,400,1600,500,300,800,500,45.8
200,439,BRALPAACNPR7BR00,ALPA4,1620664630668075,45.78,45.77,45.76,45.81,45.82,45.83,600,1500,500,300,600,500,45.8
201,439,BRALPAACNPR7BR00,ALPA4,1620664638226736,45.79,45.78,45.77,45.82,45.83,45.84,1200,1000,500,100,300,700,45.8
202,439,BRALPAACNPR7BR00,ALPA4,1620664638227975,45.79,45.78,45.77,45.82,45.84,45.85,1300,900,500,100,700,800,45.8
203,439,BRALPAACNPR7BR00,ALPA4,1620664638480422,45.82,45.79,45.78,45.83,45.84,45.85,100,1600,800,400,700,800,45.8
204,439,BRALPAACNPR7BR00,ALPA4,1620664638481607,45.82,45.79,45.78,45.83,45.84,45.85,200,1500,800,400,700,800,45.8
205,439,BRALPAACNPR7BR00,ALPA4,1620664639242262,45.83,45.82,45.81,45.84,45.85,45.86,1200,400,100,200,100,600,45.83
206,439,BRALPAACNPR7BR00,ALPA4,1620664639243565,45.83,45.82,45.81,45.84,45.85,45.86,1300,300,100,200,100,100,45.83
207,439,BRALPAACNPR7BR00,ALPA4,1620664640334620,45.84,45.83,45.82,45.85,45.87,45.88,1200,200,300,100,1800,700,45.84
208,439,BRALPAACNPR7BR00,ALPA4,1620664640336017,45.84,45.83,45.82,45.87,45.88,45.89,1300,100,300,1300,700,300,45.85
209,439,BRALPAACNPR7BR00,ALPA4,1620664641392828,45.85,45.84,45.83,45.86,45.87,45.88,1200,300,100,300,1300,700,45.85
210,439,BRALPAACNPR7BR00,ALPA4,1620664641394199,45.85,45.84,45.83,45.86,45.87,45.88,100,200,100,300,1300,700,45.85
211,439,BRALPAACNPR7BR00,ALPA4,1620664641394589,45.85,45.84,45.83,45.86,45.87,45.88,100,200,100,300,1300,700,45.85
212,439,BRALPAACNPR7BR00,ALPA4,1620664641395317,45.83,45.82,45.81,45.86,45.87,45.88,100,300,100,400,1300,700,45.84
213,439,BRALPAACNPR7BR00,ALPA4,1620664641395818,45.83,45.82,45.81,45.86,45.87,45.88,100,300,300,400,1300,700,45.84
214,439,BRALPAACNPR7BR00,ALPA4,1620664641396991,45.83,45.82,45.81,45.86,45.87,45.88,200,300,100,400,1300,700,45.84
215,439,BRALPAACNPR7BR00,ALPA4,1620664644330087,45.83,45.82,45.81,45.86,45.87,45.88,1100,300,400,700,1700,700,45.84
216,543,BRALSOACNOR5BR00,ALSO3,1620664534433969,28.13,28.12,28.11,28.14,28.15,28.16,300,200,1000,800,600,700,28.13
217,543,BRALSOACNOR5BR00,ALSO3,1620664534433986,28.13,28.12,28.11,28.14,28.15,28.16,300,200,1000,800,600,700,28.13
218,543,BRALSOACNOR5BR00,ALSO3,1620664534434831,28.13,28.12,28.11,28.14,28.15,28.16,300,200,1300,800,600,700,28.13
219,543,BRALSOACNOR5BR00,ALSO3,1620664534434871,28.13,28.12,28.11,28.14,28.15,28.16,300,200,1300,800,600,700,28.13
220,543,BRALSOACNOR5BR00,ALSO3,1620664535861522,28.13,28.12,28.11,28.14,28.15,28.16,500,200,1300,800,600,700,28.13
221,543,BRALSOACNOR5BR00,ALSO3,1620664535862820,28.13,28.12,28.11,28.14,28.15,28.16,500,200,1300,900,600,500,28.13
222,543,BRALSOACNOR5BR00,ALSO3,1620664539577626,28.14,28.13,28.12,28.15,28.16,28.17,2000,800,200,600,500,800,28.14
223,543,BRALSOACNOR5BR00,ALSO3,1620664539577658,28.14,28.13,28.12,28.15,28.16,28.17,2000,800,200,600,500,800,28.14
224,543,BRALSOACNOR5BR00,ALSO3,1620664539577843,28.14,28.13,28.12,28.15,28.16,28.17,2000,800,200,600,500,800,28.14
225,543,BRALSOACNOR5BR00,ALSO3,1620664539578479,28.14,28.13,28.12,28.15,28.16,28.17,2000,800,200,500,500,800,28.14
226,543,BRALSOACNOR5BR00,ALSO3,1620664539578518,28.14,28.13,28.12,28.15,28.16,28.17,2000,800,200,300,500,800,28.14
227,543,BRALSOACNOR5BR00,ALSO3,1620664539578664,28.14,28.13,28.12,28.15,28.16,28.17,2000,800,200,200,500,800,28.14
228,543,BRALSOACNOR5BR00,ALSO3,1620664539578683,28.14,28.13,28.12,28.15,28.16,28.17,2000,800,200,200,500,800,28.14
229,543,BRALSOACNOR5BR00,ALSO3,1620664539578752,28.14,28.13,28.12,28.15,28.16,28.17,2000,800,200,100,500,800,28.14
230,543,BRALSOACNOR5BR00,ALSO3,1620664539578819,28.14,28.13,28.12,28.16,28.17,28.18,2000,800,200,400,800,400,28.14
231,543,BRALSOACNOR5BR00,ALSO3,1620664539578835,28.14,28.13,28.12,28.16,28.17,28.18,2000,800,400,400,600,400,28.14
232,543,BRALSOACNOR5BR00,ALSO3,1620664539578869,28.14,28.13,28.12,28.16,28.17,28.18,2000,800,400,400,600,400,28.14
233,543,BRALSOACNOR5BR00,ALSO3,1620664539578905,28.14,28.13,28.12,28.16,28.17,28.18,2000,800,400,400,600,400,28.14
234,543,BRALSOACNOR5BR00,ALSO3,1620664539578928,28.14,28.13,28.12,28.16,28.17,28.18,2000,800,700,400,600,400,28.14
235,543,BRALSOACNOR5BR00,ALSO3,1620664539578973,28.14,28.13,28.12,28.16,28.17,28.18,2000,800,700,400,600,400,28.14
236,543,BRALSOACNOR5BR00,ALSO3,1620664539578993,28.14,28.13,28.12,28.16,28.17,28.18,2000,800,700,400,600,400,28.14
237,543,BRALSOACNOR5BR00,ALSO3,1620664539579518,28.14,28.13,28.12,28.16,28.17,28.18,2000,800,700,300,600,400,28.14
238,543,BRALSOACNOR5BR00,ALSO3,1620664539579537,28.14,28.13,28.12,28.16,28.17,28.18,2000,800,700,300,600,400,28.14
239,543,BRALSOACNOR5BR00,ALSO3,1620664539579629,28.14,28.13,28.12,28.16,28.17,28.18,2000,800,700,300,600,400,28.14
240,543,BRALSOACNOR5BR00,ALSO3,1620664539579646,28.14,28.13,28.12,28.16,28.17,28.18,2000,800,700,300,600,400,28.14
241,543,BRALSOACNOR5BR00,ALSO3,1620664539579684,28.14,28.13,28.12,28.16,28.17,28.18,2000,800,700,300,500,400,28.14
242,543,BRALSOACNOR5BR00,ALSO3,1620664539579702,28.14,28.13,28.12,28.16,28.17,28.18,2000,800,700,300,500,400,28.14
243,543,BRALSOACNOR5BR00,ALSO3,1620664539579742,28.14,28.13,28.12,28.16,28.17,28.18,2000,800,700,300,500,400,28.14
244,543,BRALSOACNOR5BR00,ALSO3,1620664539579771,28.14,28.13,28.12,28.16,28.17,28.18,2000,800,700,300,500,400,28.14
245,543,BRALSOACNOR5BR00,ALSO3,1620664539579785,28.14,28.13,28.12,28.16,28.17,28.18,2000,800,800,300,500,400,28.14
246,543,BRALSOACNOR5BR00,ALSO3,1620664539579802,28.14,28.13,28.12,28.16,28.17,28.18,2000,800,800,300,500,400,28.14
247,543,BRALSOACNOR5BR00,ALSO3,1620664539579831,28.14,28.13,28.12,28.16,28.17,28.18,2000,800,800,300,500,400,28.14
248,543,BRALSOACNOR5BR00,ALSO3,1620664539579848,28.14,28.13,28.12,28.16,28.17,28.18,2000,800,800,300,500,400,28.14
249,543,BRALSOACNOR5BR00,ALSO3,1620664539580070,28.14,28.13,28.12,28.16,28.17,28.18,2000,800,800,300,500,400,28.14
250,543,BRALSOACNOR5BR00,ALSO3,1620664539580093,28.14,28.13,28.12,28.16,28.17,28.18,2000,800,800,300,500,400,28.14
251,543,BRALSOACNOR5BR00,ALSO3,1620664539580242,28.14,28.13,28.12,28.16,28.17,28.18,2000,800,800,300,500,400,28.14
252,543,BRALSOACNOR5BR00,ALSO3,1620664539580258,28.14,28.13,28.12,28.16,28.17,28.18,2000,800,800,300,500,400,28.14
253,543,BRALSOACNOR5BR00,ALSO3,1620664539580333,28.14,28.13,28.12,28.17,28.18,28.19,2000,800,800,500,400,2500,28.14
254,543,BRALSOACNOR5BR00,ALSO3,1620664539580353,28.14,28.13,28.12,28.17,28.18,28.19,2000,800,800,500,400,2500,28.14
255,543,BRALSOACNOR5BR00,ALSO3,1620664539580637,28.14,28.13,28.12,28.17,28.18,28.19,2000,1100,800,500,400,2500,28.14
256,543,BRALSOACNOR5BR00,ALSO3,1620664539580655,28.14,28.13,28.12,28.17,28.18,28.19,2000,1100,800,500,400,2500,28.14
257,543,BRALSOACNOR5BR00,ALSO3,1620664539581357,28.14,28.13,28.12,28.17,28.18,28.19,2000,1100,800,500,400,2500,28.14
258,543,BRALSOACNOR5BR00,ALSO3,1620664539581387,28.14,28.13,28.12,28.17,28.18,28.19,2000,1100,800,500,400,2500,28.14
259,543,BRALSOACNOR5BR00,ALSO3,1620664539582274,28.14,28.13,28.12,28.17,28.18,28.19,2000,1200,800,500,400,2500,28.14
260,543,BRALSOACNOR5BR00,ALSO3,1620664539582293,28.14,28.13,28.12,28.17,28.18,28.19,2000,1200,800,500,400,2500,28.14
261,543,BRALSOACNOR5BR00,ALSO3,1620664539582604,28.14,28.13,28.12,28.17,28.18,28.19,1500,1200,800,500,400,2500,28.14
262,543,BRALSOACNOR5BR00,ALSO3,1620664539582622,28.14,28.13,28.12,28.17,28.18,28.19,1500,1200,800,500,400,2500,28.14
263,543,BRALSOACNOR5BR00,ALSO3,1620664539583266,28.14,28.13,28.12,28.17,28.18,28.19,1500,900,800,500,400,2500,28.14
264,543,BRALSOACNOR5BR00,ALSO3,1620664539583285,28.14,28.13,28.12,28.17,28.18,28.19,1500,900,800,500,400,2500,28.14
265,543,BRALSOACNOR5BR00,ALSO3,1620664539587470,28.14,28.13,28.12,28.17,28.18,28.19,1000,900,800,500,400,2500,28.14
266,543,BRALSOACNOR5BR00,ALSO3,1620664539587498,28.14,28.13,28.12,28.17,28.18,28.19,1000,900,800,500,400,2500,28.14
267,543,BRALSOACNOR5BR00,ALSO3,1620664539588117,28.14,28.13,28.12,28.17,28.18,28.19,1000,900,500,500,400,2500,28.14
268,543,BRALSOACNOR5BR00,ALSO3,1620664539588135,28.14,28.13,28.12,28.17,28.18,28.19,1000,900,500,500,400,2500,28.14
269,543,BRALSOACNOR5BR00,ALSO3,1620664540157784,28.14,28.13,28.12,28.17,28.18,28.19,1000,900,800,500,400,2500,28.14
270,543,BRALSOACNOR5BR00,ALSO3,1620664540159010,28.14,28.13,28.12,28.17,28.18,28.19,1000,900,800,600,400,2500,28.14
271,543,BRALSOACNOR5BR00,ALSO3,1620664544510883,28.15,28.14,28.13,28.16,28.17,28.18,500,1400,600,100,600,400,28.16
272,543,BRALSOACNOR5BR00,ALSO3,1620664544512089,28.15,28.14,28.13,28.16,28.17,28.18,500,1400,300,300,500,400,28.16
273,543,BRALSOACNOR5BR00,ALSO3,1620664551248776,28.14,28.13,28.12,28.15,28.16,28.17,1100,100,500,100,600,800,28.15
274,543,BRALSOACNOR5BR00,ALSO3,1620664551250061,28.14,28.13,28.12,28.15,28.16,28.17,1100,100,500,300,700,800,28.15
275,543,BRALSOACNOR5BR00,ALSO3,1620664562034886,28.14,28.12,28.11,28.15,28.16,28.17,900,400,1700,100,600,800,28.14
276,543,BRALSOACNOR5BR00,ALSO3,1620664562034911,28.14,28.12,28.11,28.15,28.16,28.17,900,400,1700,100,600,800,28.14
277,543,BRALSOACNOR5BR00,ALSO3,1620664562047023,28.14,28.12,28.11,28.16,28.17,28.18,900,400,1700,600,800,400,28.15
278,543,BRALSOACNOR5BR00,ALSO3,1620664562047576,28.14,28.12,28.11,28.16,28.17,28.18,900,400,1700,500,800,400,28.15
279,543,BRALSOACNOR5BR00,ALSO3,1620664562047599,28.14,28.12,28.11,28.16,28.17,28.18,900,400,1700,500,800,400,28.15
280,543,BRALSOACNOR5BR00,ALSO3,1620664562048325,28.14,28.12,28.11,28.16,28.17,28.18,900,400,1700,500,600,400,28.15
281,543,BRALSOACNOR5BR00,ALSO3,1620664562048344,28.14,28.12,28.11,28.16,28.17,28.18,900,400,1700,500,600,400,28.15
282,543,BRALSOACNOR5BR00,ALSO3,1620664562630970,28.14,28.12,28.11,28.16,28.17,28.18,1200,400,1700,500,600,400,28.15
283,543,BRALSOACNOR5BR00,ALSO3,1620664562632212,28.14,28.12,28.11,28.16,28.17,28.18,1200,400,1700,500,600,600,28.15
284,543,BRALSOACNOR5BR00,ALSO3,1620664563249074,28.14,28.12,28.11,28.15,28.16,28.17,1200,700,1700,100,600,600,28.15
285,543,BRALSOACNOR5BR00,ALSO3,1620664563250296,28.14,28.12,28.11,28.15,28.16,28.17,1200,500,1700,200,500,600,28.15
286,543,BRALSOACNOR5BR00,ALSO3,1620664568593380,28.14,28.13,28.12,28.15,28.16,28.17,1000,100,500,100,1000,600,28.14
287,543,BRALSOACNOR5BR00,ALSO3,1620664568594545,28.14,28.13,28.12,28.16,28.17,28.18,1000,100,500,1100,600,600,28.14
288,543,BRALSOACNOR5BR00,ALSO3,1620664574372978,28.15,28.14,28.13,28.16,28.17,28.18,300,1100,500,100,700,400,28.14
289,543,BRALSOACNOR5BR00,ALSO3,1620664574374144,28.15,28.14,28.13,28.17,28.18,28.19,300,1300,700,1000,400,600,28.14
290,543,BRALSOACNOR5BR00,ALSO3,1620664574390618,28.15,28.14,28.13,28.16,28.17,28.18,300,1300,700,100,700,400,28.14
291,543,BRALSOACNOR5BR00,ALSO3,1620664574391746,28.15,28.14,28.13,28.16,28.17,28.18,300,1300,700,200,900,400,28.14
292,543,BRALSOACNOR5BR00,ALSO3,1620664579532141,28.15,28.14,28.13,28.16,28.17,28.18,700,1200,600,100,600,400,28.15
293,543,BRALSOACNOR5BR00,ALSO3,1620664579532159,28.15,28.14,28.13,28.16,28.17,28.18,700,1200,600,100,600,400,28.15
294,543,BRALSOACNOR5BR00,ALSO3,1620664585464442,28.15,28.14,28.13,28.16,28.17,28.18,600,900,400,600,200,400,28.16
295,543,BRALSOACNOR5BR00,ALSO3,1620664585465140,28.15,28.14,28.13,28.16,28.17,28.18,600,1200,400,600,200,400,28.16
296,543,BRALSOACNOR5BR00,ALSO3,1620664585466367,28.15,28.14,28.13,28.16,28.17,28.18,600,1200,400,700,200,400,28.16
297,543,BRALSOACNOR5BR00,ALSO3,1620664586199892,28.15,28.14,28.13,28.17,28.18,28.19,600,1200,400,200,400,600,28.16
298,543,BRALSOACNOR5BR00,ALSO3,1620664586200102,28.15,28.14,28.13,28.17,28.18,28.19,600,1200,400,200,400,600,28.16
299,543,BRALSOACNOR5BR00,ALSO3,1620664586200746,28.15,28.14,28.13,28.17,28.18,28.19,600,1200,400,100,400,600,28.16
300,543,BRALSOACNOR5BR00,ALSO3,1620664586201921,28.15,28.14,28.13,28.17,28.18,28.19,600,1200,400,200,400,600,28.16
301,543,BRALSOACNOR5BR00,ALSO3,1620664586203966,28.15,28.14,28.13,28.16,28.17,28.18,600,1200,400,500,200,400,28.16
302,543,BRALSOACNOR5BR00,ALSO3,1620664586205131,28.15,28.14,28.13,28.16,28.17,28.18,600,1300,400,600,400,400,28.16
303,543,BRALSOACNOR5BR00,ALSO3,1620664587212596,28.15,28.14,28.13,28.18,28.19,28.2,800,1100,1400,400,600,2300,28.16
304,543,BRALSOACNOR5BR00,ALSO3,1620664587212787,28.16,28.15,28.14,28.18,28.19,28.2,100,800,1100,400,600,2300,28.16
305,543,BRALSOACNOR5BR00,ALSO3,1620664587213400,28.16,28.15,28.14,28.18,28.19,28.2,100,800,1100,400,600,2300,28.16
306,543,BRALSOACNOR5BR00,ALSO3,1620664587214621,28.16,28.15,28.14,28.18,28.19,28.2,100,800,1300,100,300,2300,28.16
307,543,BRALSOACNOR5BR00,ALSO3,1620664587215259,28.16,28.15,28.14,28.18,28.19,28.2,100,800,1300,100,300,2300,28.16
308,543,BRALSOACNOR5BR00,ALSO3,1620664587216514,28.16,28.15,28.14,28.18,28.19,28.2,100,900,1300,200,600,2300,28.16
309,543,BRALSOACNOR5BR00,ALSO3,1620664587217057,28.15,28.14,28.13,28.16,28.18,28.19,900,1300,1500,400,200,600,28.16
310,543,BRALSOACNOR5BR00,ALSO3,1620664587218229,28.15,28.14,28.13,28.16,28.18,28.19,800,1100,1500,500,300,500,28.16
311,543,BRALSOACNOR5BR00,ALSO3,1620664593638760,28.15,28.14,28.13,28.18,28.19,28.2,700,1000,1500,600,800,400,28.16
312,543,BRALSOACNOR5BR00,ALSO3,1620664593639005,28.15,28.14,28.13,28.18,28.19,28.2,700,1000,1500,600,800,400,28.16
313,543,BRALSOACNOR5BR00,ALSO3,1620664593643404,28.15,28.14,28.13,28.16,28.18,28.19,700,1000,1500,100,600,800,28.16
314,543,BRALSOACNOR5BR00,ALSO3,1620664593644719,28.15,28.14,28.13,28.16,28.18,28.19,700,1000,1500,200,600,800,28.16
315,543,BRALSOACNOR5BR00,ALSO3,1620664614724157,28.15,28.14,28.13,28.17,28.18,28.19,1300,1100,500,100,600,800,28.16
316,543,BRALSOACNOR5BR00,ALSO3,1620664614724291,28.15,28.14,28.13,28.17,28.18,28.19,1300,1100,500,100,600,800,28.16
317,543,BRALSOACNOR5BR00,ALSO3,1620664614724905,28.15,28.14,28.13,28.18,28.19,28.2,1300,1100,500,600,800,900,28.16
318,543,BRALSOACNOR5BR00,ALSO3,1620664614726615,28.15,28.14,28.13,28.18,28.19,28.2,1400,2000,500,100,600,900,28.16
319,543,BRALSOACNOR5BR00,ALSO3,1620664614727066,28.15,28.14,28.13,28.18,28.19,28.2,1400,2000,500,100,500,900,28.16
320,543,BRALSOACNOR5BR00,ALSO3,1620664614727087,28.15,28.14,28.13,28.18,28.19,28.2,1400,2000,500,100,500,900,28.16
321,543,BRALSOACNOR5BR00,ALSO3,1620664615069135,28.15,28.14,28.13,28.19,28.2,28.21,2000,2000,500,500,900,2700,28.18
322,543,BRALSOACNOR5BR00,ALSO3,1620664615074842,28.16,28.15,28.14,28.19,28.2,28.21,200,2000,2000,500,900,2700,28.18
323,543,BRALSOACNOR5BR00,ALSO3,1620664615076004,28.16,28.15,28.14,28.19,28.2,28.21,300,2000,2000,600,900,2700,28.18
324,543,BRALSOACNOR5BR00,ALSO3,1620664615503608,28.15,28.14,28.13,28.18,28.19,28.2,2000,2000,500,100,600,900,28.18
325,543,BRALSOACNOR5BR00,ALSO3,1620664615504866,28.15,28.14,28.13,28.18,28.19,28.2,2000,2000,500,300,500,900,28.18
326,543,BRALSOACNOR5BR00,ALSO3,1620664631361828,28.16,28.14,28.13,28.17,28.18,28.19,100,800,1700,100,500,1100,28.16
327,543,BRALSOACNOR5BR00,ALSO3,1620664631363292,28.16,28.14,28.13,28.17,28.18,28.19,100,800,1700,400,600,1300,28.16
328,543,BRALSOACNOR5BR00,ALSO3,1620664641302890,28.15,28.14,28.13,28.16,28.17,28.18,100,500,1500,100,500,1100,28.17
329,543,BRALSOACNOR5BR00,ALSO3,1620664641304214,28.15,28.14,28.13,28.16,28.17,28.18,100,500,1500,200,400,1100,28.17
330,543,BRALSOACNOR5BR00,ALSO3,1620664643145295,28.14,28.13,28.12,28.15,28.16,28.17,500,1500,1900,100,500,1000,28.17
331,543,BRALSOACNOR5BR00,ALSO3,1620664643146560,28.14,28.13,28.12,28.15,28.16,28.17,500,1500,600,200,600,1000,28.17
332,543,BRALSOACNOR5BR00,ALSO3,1620664678487431,28.14,28.13,28.12,28.15,28.16,28.17,400,1200,400,800,500,800,28.15
333,543,BRALSOACNOR5BR00,ALSO3,1620664678487979,28.14,28.13,28.12,28.15,28.16,28.17,400,1200,400,800,500,600,28.15
334,543,BRALSOACNOR5BR00,ALSO3,1620664678489332,28.14,28.13,28.12,28.15,28.16,28.17,400,1500,500,900,500,600,28.15
335,543,BRALSOACNOR5BR00,ALSO3,1620664678649822,28.13,28.12,28.11,28.14,28.15,28.16,500,400,800,100,600,500,28.13
336,543,BRALSOACNOR5BR00,ALSO3,1620664678651151,28.13,28.12,28.11,28.14,28.15,28.16,500,300,800,300,800,700,28.13
337,543,BRALSOACNOR5BR00,ALSO3,1620664678655293,28.12,28.11,28.1,28.14,28.15,28.16,1000,800,2500,100,800,700,28.13
338,543,BRALSOACNOR5BR00,ALSO3,1620664678656519,28.12,28.11,28.1,28.15,28.16,28.17,1000,800,2500,900,700,600,28.13
339,543,BRALSOACNOR5BR00,ALSO3,1620664678662101,28.12,28.11,28.1,28.14,28.15,28.16,700,800,2500,100,600,500,28.12
340,543,BRALSOACNOR5BR00,ALSO3,1620664678663309,28.12,28.11,28.1,28.14,28.15,28.16,700,800,2500,200,800,500,28.12
341,543,BRALSOACNOR5BR00,ALSO3,1620664678946443,28.12,28.11,28.1,28.13,28.14,28.15,1000,300,2800,100,500,600,28.12
342,543,BRALSOACNOR5BR00,ALSO3,1620664678947693,28.12,28.11,28.1,28.13,28.14,28.15,1000,300,1500,200,400,600,28.12
343,543,BRALSOACNOR5BR00,ALSO3,1620664679159089,28.12,28.11,28.1,28.14,28.15,28.16,1400,300,1500,300,600,500,28.13
344,543,BRALSOACNOR5BR00,ALSO3,1620664679159337,28.12,28.11,28.1,28.14,28.15,28.16,1400,300,1500,300,600,500,28.13
345,543,BRALSOACNOR5BR00,ALSO3,1620664679159826,28.12,28.11,28.1,28.14,28.15,28.16,1400,300,1500,200,600,500,28.13
346,543,BRALSOACNOR5BR00,ALSO3,1620664679161282,28.12,28.11,28.1,28.14,28.15,28.16,1500,300,1500,300,300,500,28.13
347,543,BRALSOACNOR5BR00,ALSO3,1620664679481735,28.12,28.11,28.1,28.13,28.14,28.15,1500,300,1500,100,300,300,28.13
348,543,BRALSOACNOR5BR00,ALSO3,1620664679483260,28.13,28.12,28.11,28.14,28.15,28.16,100,1400,300,200,600,500,28.13
349,543,BRALSOACNOR5BR00,ALSO3,1620664679483448,28.13,28.12,28.11,28.14,28.15,28.16,100,1400,300,200,600,500,28.13
350,543,BRALSOACNOR5BR00,ALSO3,1620664679483850,28.13,28.12,28.11,28.14,28.15,28.16,100,1400,300,200,600,500,28.13
351,543,BRALSOACNOR5BR00,ALSO3,1620664679485049,28.13,28.12,28.11,28.14,28.15,28.16,200,1500,300,300,300,500,28.13
352,543,BRALSOACNOR5BR00,ALSO3,1620664680468801,28.12,28.11,28.1,28.14,28.15,28.16,1400,300,1500,100,600,500,28.13
353,543,BRALSOACNOR5BR00,ALSO3,1620664680470014,28.12,28.11,28.1,28.15,28.16,28.17,1400,300,1500,400,500,800,28.13
354,543,BRALSOACNOR5BR00,ALSO3,1620664682775658,28.12,28.11,28.1,28.14,28.15,28.16,1400,400,1700,100,500,500,28.12
355,543,BRALSOACNOR5BR00,ALSO3,1620664682775704,28.12,28.11,28.1,28.14,28.15,28.16,1400,400,1700,100,500,500,28.12
356,543,BRALSOACNOR5BR00,ALSO3,1620664694104806,28.12,28.11,28.1,28.13,28.14,28.15,1300,600,1700,100,300,1300,28.12
357,543,BRALSOACNOR5BR00,ALSO3,1620664694105969,28.12,28.11,28.1,28.13,28.14,28.15,1300,600,1700,200,500,1200,28.12
358,543,BRALSOACNOR5BR00,ALSO3,1620664694378160,28.12,28.11,28.1,28.13,28.14,28.15,1300,600,1700,100,500,1200,28.13
359,543,BRALSOACNOR5BR00,ALSO3,1620664694379351,28.13,28.12,28.11,28.14,28.15,28.16,100,1300,600,300,1200,500,28.13
360,543,BRALSOACNOR5BR00,ALSO3,1620664694383767,28.13,28.12,28.11,28.15,28.16,28.17,200,1300,600,1200,500,800,28.14
361,543,BRALSOACNOR5BR00,ALSO3,1620664694383965,28.13,28.12,28.11,28.15,28.16,28.17,200,1300,600,1200,500,800,28.14
362,543,BRALSOACNOR5BR00,ALSO3,1620664694384436,28.13,28.12,28.11,28.15,28.16,28.17,200,1300,600,1200,500,600,28.14
363,543,BRALSOACNOR5BR00,ALSO3,1620664694385660,28.13,28.12,28.11,28.15,28.16,28.17,200,1600,600,1200,500,600,28.14
364,543,BRALSOACNOR5BR00,ALSO3,1620664701167660,28.13,28.12,28.11,28.14,28.15,28.16,1500,700,1400,100,200,900,28.14
365,543,BRALSOACNOR5BR00,ALSO3,1620664701168908,28.13,28.12,28.11,28.14,28.15,28.16,1500,700,1400,100,100,900,28.14
366,543,BRALSOACNOR5BR00,ALSO3,1620664701887129,28.13,28.12,28.11,28.14,28.16,28.17,1500,500,1600,600,400,500,28.14
367,543,BRALSOACNOR5BR00,ALSO3,1620664702268547,28.13,28.12,28.11,28.14,28.16,28.17,1600,500,1500,600,400,500,28.14
368,543,BRALSOACNOR5BR00,ALSO3,1620664702269777,28.13,28.12,28.11,28.14,28.16,28.17,1600,500,1500,700,400,500,28.14
369,543,BRALSOACNOR5BR00,ALSO3,1620664702519030,28.13,28.12,28.11,28.16,28.17,28.18,1600,500,1500,400,500,800,28.14
370,543,BRALSOACNOR5BR00,ALSO3,1620664702519389,28.13,28.12,28.11,28.16,28.17,28.18,1700,500,1500,400,500,800,28.14
371,768,BRALUPCDAM15BR00,ALUP11,1620664533513635,26.64,26.63,26.62,26.65,26.66,26.67,1400,300,700,700,600,800,26.65
372,768,BRALUPCDAM15BR00,ALUP11,1620664533513654,26.64,26.63,26.62,26.65,26.66,26.67,1400,300,700,700,600,800,26.65
373,768,BRALUPCDAM15BR00,ALUP11,1620664538485762,26.64,26.63,26.62,26.65,26.66,26.67,1000,300,700,300,600,800,26.65
374,768,BRALUPCDAM15BR00,ALUP11,1620664538486963,26.64,26.63,26.62,26.65,26.66,26.67,1100,300,700,300,600,800,26.65
375,768,BRALUPCDAM15BR00,ALUP11,1620664540911188,26.65,26.64,26.63,26.66,26.67,26.68,100,1600,300,500,800,1000,26.65
376,768,BRALUPCDAM15BR00,ALUP11,1620664540912553,26.65,26.64,26.63,26.66,26.67,26.68,200,1700,300,300,400,600,26.65
377,768,BRALUPCDAM15BR00,ALUP11,1620664556657251,26.66,26.65,26.64,26.68,26.69,26.7,100,1100,1100,500,2500,1000,26.66
378,768,BRALUPCDAM15BR00,ALUP11,1620664556658534,26.66,26.65,26.64,26.68,26.69,26.7,200,1000,1100,500,1000,1000,26.66
379,768,BRALUPCDAM15BR00,ALUP11,1620664556669950,26.67,26.66,26.65,26.68,26.69,26.7,200,300,800,400,1000,1000,26.66
380,768,BRALUPCDAM15BR00,ALUP11,1620664556671145,26.67,26.66,26.65,26.68,26.69,26.7,800,200,300,100,1000,1000,26.66
381,768,BRALUPCDAM15BR00,ALUP11,1620664574372324,26.68,26.67,26.66,26.7,26.71,26.72,400,500,500,1000,2300,2600,26.69
382,768,BRALUPCDAM15BR00,ALUP11,1620664574373667,26.68,26.67,26.66,26.7,26.71,26.72,500,600,700,500,1000,4100,26.69
383,768,BRALUPCDAM15BR00,ALUP11,1620664574421521,26.69,26.68,26.67,26.7,26.71,26.72,100,500,500,500,1000,4200,26.69
384,768,BRALUPCDAM15BR00,ALUP11,1620664574422670,26.69,26.68,26.67,26.7,26.71,26.72,200,400,500,500,1000,4200,26.69
385,768,BRALUPCDAM15BR00,ALUP11,1620664575555973,26.69,26.67,26.66,26.7,26.71,26.72,400,400,800,200,900,3300,26.69
386,768,BRALUPCDAM15BR00,ALUP11,1620664575556752,26.69,26.67,26.66,26.7,26.71,26.72,400,400,800,300,900,3300,26.69
387,768,BRALUPCDAM15BR00,ALUP11,1620664575558121,26.69,26.67,26.66,26.7,26.71,26.72,500,400,600,400,900,3300,26.69
388,768,BRALUPCDAM15BR00,ALUP11,1620664593394774,26.68,26.67,26.66,26.7,26.71,26.72,700,400,600,1000,800,4000,26.69
389,768,BRALUPCDAM15BR00,ALUP11,1620664593394997,26.68,26.67,26.66,26.69,26.7,26.71,700,400,600,100,1000,800,26.69
390,768,BRALUPCDAM15BR00,ALUP11,1620664593395541,26.68,26.67,26.66,26.69,26.7,26.71,700,200,600,100,1000,800,26.69
391,768,BRALUPCDAM15BR00,ALUP11,1620664593396802,26.68,26.67,26.66,26.69,26.7,26.71,800,200,600,400,1200,1100,26.69
392,768,BRALUPCDAM15BR00,ALUP11,1620664619182308,26.68,26.67,26.66,26.69,26.7,26.71,200,200,600,1000,500,900,26.68
393,768,BRALUPCDAM15BR00,ALUP11,1620664619182830,26.68,26.67,26.66,26.69,26.7,26.71,200,200,500,1000,500,900,26.68
394,768,BRALUPCDAM15BR00,ALUP11,1620664619184138,26.67,26.66,26.65,26.68,26.69,26.7,200,300,900,100,1000,800,26.68
395,768,BRALUPCDAM15BR00,ALUP11,1620664619184192,26.67,26.66,26.65,26.68,26.69,26.7,200,300,900,100,1000,800,26.68
396,768,BRALUPCDAM15BR00,ALUP11,1620664619184391,26.67,26.66,26.65,26.68,26.69,26.7,200,300,900,400,1000,800,26.68
397,768,BRALUPCDAM15BR00,ALUP11,1620664619197441,26.67,26.66,26.65,26.68,26.69,26.7,200,300,900,200,1000,800,26.68
398,768,BRALUPCDAM15BR00,ALUP11,1620664619198613,26.67,26.66,26.65,26.68,26.69,26.7,300,300,900,200,1000,800,26.68
399,768,BRALUPCDAM15BR00,ALUP11,1620664643598965,26.66,26.65,26.64,26.67,26.68,26.69,500,900,1400,100,200,400,26.67
400,768,BRALUPCDAM15BR00,ALUP11,1620664643599202,26.66,26.65,26.64,26.67,26.68,26.69,500,900,1400,100,200,400,26.67
401,768,BRALUPCDAM15BR00,ALUP11,1620664643599837,26.66,26.65,26.64,26.67,26.68,26.69,300,900,1400,100,200,400,26.67
402,768,BRALUPCDAM15BR00,ALUP11,1620664643601101,26.66,26.65,26.64,26.67,26.68,26.69,400,900,1300,100,400,500,26.67
403,768,BRALUPCDAM15BR00,ALUP11,1620664673267668,26.66,26.65,26.64,26.67,26.68,26.69,200,900,1300,200,200,500,26.66
404,768,BRALUPCDAM15BR00,ALUP11,1620664673268169,26.66,26.65,26.64,26.67,26.68,26.69,200,800,1300,200,200,500,26.66
405,768,BRALUPCDAM15BR00,ALUP11,1620664673269433,26.66,26.65,26.64,26.67,26.68,26.69,300,800,1300,200,200,500,26.66
406,768,BRALUPCDAM15BR00,ALUP11,1620664703420478,26.65,26.64,26.63,26.67,26.68,26.69,600,1200,500,200,300,1100,26.66
407,768,BRALUPCDAM15BR00,ALUP11,1620664703420752,26.65,26.64,26.63,26.67,26.68,26.69,600,1200,500,200,300,1100,26.66
408,768,BRALUPCDAM15BR00,ALUP11,1620664703421437,26.65,26.64,26.63,26.67,26.68,26.69,400,1200,500,200,300,1100,26.66
409,768,BRALUPCDAM15BR00,ALUP11,1620664703422558,26.65,26.64,26.63,26.67,26.68,26.69,600,1200,500,200,300,1100,26.66
410,768,BRALUPCDAM15BR00,ALUP11,1620664733370207,26.65,26.64,26.63,26.66,26.67,26.68,400,1100,500,400,200,1100,26.65
411,768,BRALUPCDAM15BR00,ALUP11,1620664733371249,26.65,26.64,26.63,26.66,26.67,26.68,400,900,500,400,200,1100,26.65
412,768,BRALUPCDAM15BR00,ALUP11,1620664733372601,26.65,26.64,26.63,26.66,26.67,26.68,500,900,500,400,200,1100,26.65
413,768,BRALUPCDAM15BR00,ALUP11,1620664741113335,26.64,26.63,26.62,26.66,26.67,26.68,900,400,900,800,200,1500,26.65
414,768,BRALUPCDAM15BR00,ALUP11,1620664741113638,26.64,26.63,26.62,26.66,26.67,26.68,900,400,900,900,200,1500,26.65
415,768,BRALUPCDAM15BR00,ALUP11,1620664741114211,26.64,26.63,26.62,26.66,26.67,26.68,900,400,900,900,300,1500,26.65
416,768,BRALUPCDAM15BR00,ALUP11,1620664741114237,26.64,26.63,26.62,26.66,26.67,26.68,900,400,900,900,300,1500,26.65
417,768,BRALUPCDAM15BR00,ALUP11,1620664741364913,26.64,26.63,26.62,26.66,26.67,26.68,900,400,900,800,300,1500,26.65
418,768,BRALUPCDAM15BR00,ALUP11,1620664741366209,26.64,26.63,26.62,26.66,26.67,26.68,1000,400,900,800,300,1500,26.65
419,768,BRALUPCDAM15BR00,ALUP11,1620664749463484,26.65,26.64,26.63,26.66,26.67,26.68,400,1000,300,800,300,1500,26.65
420,768,BRALUPCDAM15BR00,ALUP11,1620664749464956,26.65,26.64,26.63,26.66,26.67,26.68,500,900,300,800,300,1500,26.65
421,768,BRALUPCDAM15BR00,ALUP11,1620664763054240,26.65,26.64,26.63,26.66,26.67,26.68,100,1100,400,100,300,1500,26.65
422,768,BRALUPCDAM15BR00,ALUP11,1620664763054373,26.65,26.64,26.63,26.66,26.67,26.68,100,1100,400,100,300,1500,26.65
423,768,BRALUPCDAM15BR00,ALUP11,1620664765412626,26.65,26.64,26.63,26.66,26.67,26.68,200,1100,400,100,300,1500,26.65
424,768,BRALUPCDAM15BR00,ALUP11,1620664765413858,26.65,26.64,26.63,26.66,26.67,26.68,300,1100,400,100,300,1500,26.65
425,768,BRALUPCDAM15BR00,ALUP11,1620664793535285,26.65,26.64,26.63,26.66,26.67,26.68,200,1100,400,200,300,1500,26.65
426,819,BRANIMACNOR6BR00,ANIM3,1620664537775517,11.53,11.52,11.51,11.54,11.55,11.56,3000,3600,4300,900,1500,3900,11.54
427,819,BRANIMACNOR6BR00,ANIM3,1620664537775539,11.53,11.52,11.51,11.54,11.55,11.56,3000,3600,4300,900,1500,3900,11.54
428,819,BRANIMACNOR6BR00,ANIM3,1620664537776499,11.53,11.52,11.51,11.54,11.55,11.56,3000,3600,4300,900,800,3900,11.54
429,819,BRANIMACNOR6BR00,ANIM3,1620664537776529,11.53,11.52,11.51,11.54,11.55,11.56,3000,3600,4300,900,800,3900,11.54
430,819,BRANIMACNOR6BR00,ANIM3,1620664537780913,11.53,11.52,11.51,11.54,11.55,11.56,3000,3600,4300,1000,800,3900,11.54
431,819,BRANIMACNOR6BR00,ANIM3,1620664537780934,11.53,11.52,11.51,11.54,11.55,11.56,3000,3600,4300,1000,800,3900,11.54
432,819,BRANIMACNOR6BR00,ANIM3,1620664537781999,11.53,11.52,11.51,11.54,11.55,11.56,3000,3600,4300,1000,800,4600,11.54
433,819,BRANIMACNOR6BR00,ANIM3,1620664537782016,11.53,11.52,11.51,11.54,11.55,11.56,3000,3600,4300,1000,800,4600,11.54
434,819,BRANIMACNOR6BR00,ANIM3,1620664540421314,11.53,11.52,11.51,11.54,11.55,11.56,2700,3600,4300,1000,800,4600,11.53
435,819,BRANIMACNOR6BR00,ANIM3,1620664540422598,11.53,11.52,11.51,11.54,11.55,11.56,2800,3600,4300,1000,1500,3900,11.53
436,819,BRANIMACNOR6BR00,ANIM3,1620664561933534,11.52,11.51,11.5,11.53,11.54,11.55,3100,4400,8600,500,1500,1600,11.53
437,819,BRANIMACNOR6BR00,ANIM3,1620664561933554,11.52,11.51,11.5,11.53,11.54,11.55,3100,4400,8600,500,1500,1600,11.53
438,819,BRANIMACNOR6BR00,ANIM3,1620664561933653,11.52,11.51,11.5,11.53,11.54,11.55,3100,4400,8600,500,1500,1600,11.53
439,819,BRANIMACNOR6BR00,ANIM3,1620664561934272,11.52,11.51,11.5,11.53,11.54,11.55,2400,4400,8600,500,1500,1600,11.53
440,819,BRANIMACNOR6BR00,ANIM3,1620664561934295,11.52,11.51,11.5,11.53,11.54,11.55,2400,4400,8600,500,1500,1600,11.53
441,819,BRANIMACNOR6BR00,ANIM3,1620664561934545,11.52,11.51,11.5,11.53,11.54,11.55,2400,4400,8600,500,1500,1900,11.53
442,819,BRANIMACNOR6BR00,ANIM3,1620664561934574,11.52,11.51,11.5,11.53,11.54,11.55,2400,4400,8600,500,2200,1200,11.53
443,819,BRANIMACNOR6BR00,ANIM3,1620664561934739,11.52,11.51,11.5,11.53,11.54,11.55,2400,2000,8600,500,2200,1200,11.53
444,819,BRANIMACNOR6BR00,ANIM3,1620664561934758,11.52,11.51,11.5,11.53,11.54,11.55,2400,2000,8600,500,2200,1200,11.53
445,819,BRANIMACNOR6BR00,ANIM3,1620664561934842,11.52,11.51,11.5,11.53,11.54,11.55,2300,2000,8600,500,2200,1200,11.53
446,819,BRANIMACNOR6BR00,ANIM3,1620664561934860,11.52,11.51,11.5,11.53,11.54,11.55,2300,2000,8600,500,2200,1200,11.53
447,819,BRANIMACNOR6BR00,ANIM3,1620664561935097,11.52,11.51,11.5,11.53,11.54,11.55,2300,2000,11000,500,2200,1200,11.53
448,819,BRANIMACNOR6BR00,ANIM3,1620664561935116,11.52,11.51,11.5,11.53,11.54,11.55,2300,2000,11000,500,2200,1200,11.53
449,819,BRANIMACNOR6BR00,ANIM3,1620664561935415,11.52,11.51,11.5,11.53,11.54,11.55,2300,1900,11000,500,2200,1200,11.53
450,819,BRANIMACNOR6BR00,ANIM3,1620664561935432,11.52,11.51,11.5,11.53,11.54,11.55,2300,1900,11000,500,2200,1200,11.53
451,819,BRANIMACNOR6BR00,ANIM3,1620664561935467,11.52,11.51,11.5,11.53,11.54,11.55,2300,1700,11000,500,2200,1200,11.53
452,819,BRANIMACNOR6BR00,ANIM3,1620664561935499,11.52,11.51,11.5,11.53,11.54,11.55,2200,1700,11000,500,2200,1200,11.53
453,819,BRANIMACNOR6BR00,ANIM3,1620664561937741,11.52,11.51,11.5,11.53,11.54,11.55,2200,1700,11700,500,2200,1200,11.53
454,819,BRANIMACNOR6BR00,ANIM3,1620664561937760,11.52,11.51,11.5,11.53,11.54,11.55,2200,1700,11700,500,2200,1200,11.53
455,819,BRANIMACNOR6BR00,ANIM3,1620664561938198,11.52,11.51,11.5,11.53,11.54,11.55,2200,1700,11700,500,2200,1200,11.53
456,819,BRANIMACNOR6BR00,ANIM3,1620664561938218,11.52,11.51,11.5,11.53,11.54,11.55,2200,1700,11700,500,2200,1200,11.53
457,819,BRANIMACNOR6BR00,ANIM3,1620664562015873,11.52,11.51,11.5,11.53,11.54,11.55,2100,1700,11700,500,2200,1200,11.52
458,819,BRANIMACNOR6BR00,ANIM3,1620664562015899,11.52,11.51,11.5,11.53,11.54,11.55,2100,1700,11700,500,2200,1200,11.52
459,819,BRANIMACNOR6BR00,ANIM3,1620664562016996,11.52,11.51,11.5,11.53,11.54,11.55,2200,1700,11700,500,2200,1200,11.52
460,819,BRANIMACNOR6BR00,ANIM3,1620664562017036,11.52,11.51,11.5,11.53,11.54,11.55,2200,1700,11700,500,2200,1200,11.52
461,819,BRANIMACNOR6BR00,ANIM3,1620664562050482,11.52,11.51,11.5,11.53,11.54,11.55,2200,1700,11400,500,2200,1200,11.52
462,819,BRANIMACNOR6BR00,ANIM3,1620664562050510,11.52,11.51,11.5,11.53,11.54,11.55,2200,1700,11400,500,2200,1200,11.52
463,819,BRANIMACNOR6BR00,ANIM3,1620664562111600,11.52,11.51,11.5,11.53,11.54,11.55,2200,1700,11400,500,2200,1200,11.52
464,819,BRANIMACNOR6BR00,ANIM3,1620664562111640,11.52,11.51,11.5,11.53,11.54,11.55,2200,1700,11400,500,2200,1200,11.52
465,819,BRANIMACNOR6BR00,ANIM3,1620664562158333,11.52,11.51,11.5,11.53,11.54,11.55,2200,1700,11400,1000,1700,1200,11.52
466,819,BRANIMACNOR6BR00,ANIM3,1620664562159655,11.52,11.51,11.5,11.53,11.54,11.55,2200,1700,11400,1000,1700,1200,11.52
467,819,BRANIMACNOR6BR00,ANIM3,1620664664540916,11.51,11.5,11.49,11.53,11.54,11.55,1600,6700,4900,2800,900,3500,11.52
468,819,BRANIMACNOR6BR00,ANIM3,1620664664541110,11.51,11.5,11.49,11.53,11.54,11.55,1600,6700,4900,2800,900,3500,11.52
469,819,BRANIMACNOR6BR00,ANIM3,1620664664541761,11.51,11.5,11.49,11.53,11.54,11.55,1500,6700,4900,2800,900,3500,11.52
470,819,BRANIMACNOR6BR00,ANIM3,1620664664542916,11.51,11.5,11.49,11.52,11.53,11.54,1300,6700,4900,100,3600,1000,11.52
471,819,BRANIMACNOR6BR00,ANIM3,1620664702669097,11.52,11.51,11.5,11.55,11.56,11.57,100,1600,3900,300,1800,1200,11.55
472,819,BRANIMACNOR6BR00,ANIM3,1620664702670539,11.52,11.51,11.5,11.54,11.55,11.56,1700,1900,5600,100,1100,4000,11.55
473,819,BRANIMACNOR6BR00,ANIM3,1620664703290077,11.53,11.52,11.51,11.54,11.55,11.56,100,2500,1600,200,1100,4300,11.55
474,819,BRANIMACNOR6BR00,ANIM3,1620664703291484,11.53,11.52,11.51,11.54,11.55,11.56,200,2100,1900,400,1100,4300,11.55
475,819,BRANIMACNOR6BR00,ANIM3,1620664706297256,11.52,11.51,11.5,11.54,11.55,11.56,2100,1900,5600,400,1100,4300,11.53
476,819,BRANIMACNOR6BR00,ANIM3,1620664706297489,11.52,11.51,11.5,11.54,11.55,11.56,2100,1900,5600,400,1100,4300,11.53
477,819,BRANIMACNOR6BR00,ANIM3,1620664709311041,11.52,11.51,11.5,11.54,11.55,11.56,2100,1900,5600,400,1100,4300,11.53
478,819,BRANIMACNOR6BR00,ANIM3,1620664709312265,11.52,11.51,11.5,11.54,11.55,11.56,2200,1900,5600,400,1100,4300,11.53
479,819,BRANIMACNOR6BR00,ANIM3,1620664710422431,11.53,11.52,11.51,11.54,11.55,11.56,100,2200,1900,400,1100,4300,11.53
480,819,BRANIMACNOR6BR00,ANIM3,1620664710423699,11.53,11.52,11.51,11.54,11.55,11.56,100,2100,1900,400,1100,4300,11.53
481,819,BRANIMACNOR6BR00,ANIM3,1620664710424820,11.53,11.52,11.51,11.54,11.55,11.56,100,2100,1900,400,1100,4300,11.53
482,819,BRANIMACNOR6BR00,ANIM3,1620664710425931,11.52,11.51,11.5,11.54,11.55,11.56,2200,1900,5600,500,1100,4300,11.53
483,819,BRANIMACNOR6BR00,ANIM3,1620664710426676,11.53,11.52,11.51,11.54,11.55,11.56,100,2200,1600,500,1100,4300,11.53
484,819,BRANIMACNOR6BR00,ANIM3,1620664710427826,11.53,11.52,11.51,11.54,11.55,11.56,100,2100,1600,500,1100,4300,11.53
485,819,BRANIMACNOR6BR00,ANIM3,1620664710429181,11.53,11.52,11.51,11.54,11.55,11.56,100,2100,1600,500,1100,4300,11.53
486,819,BRANIMACNOR6BR00,ANIM3,1620664710430306,11.52,11.51,11.5,11.54,11.55,11.56,2200,1600,5600,500,1100,4300,11.53
487,819,BRANIMACNOR6BR00,ANIM3,1620664710430949,11.53,11.52,11.51,11.54,11.55,11.56,100,2200,1600,500,1100,4300,11.53
488,819,BRANIMACNOR6BR00,ANIM3,1620664710432026,11.53,11.52,11.51,11.54,11.55,11.56,100,2100,1600,500,1100,4300,11.53
489,819,BRANIMACNOR6BR00,ANIM3,1620664710433267,11.53,11.52,11.51,11.54,11.55,11.56,100,2100,1600,500,1100,4300,11.53
490,819,BRANIMACNOR6BR00,ANIM3,1620664710434342,11.52,11.51,11.5,11.54,11.55,11.56,2200,1600,5600,500,1100,4300,11.53
491,819,BRANIMACNOR6BR00,ANIM3,1620664710435711,11.53,11.52,11.51,11.54,11.55,11.56,100,2200,1600,500,1100,4300,11.53
492,819,BRANIMACNOR6BR00,ANIM3,1620664710436815,11.53,11.52,11.51,11.54,11.55,11.56,100,2100,1600,500,1100,4300,11.53
493,819,BRANIMACNOR6BR00,ANIM3,1620664710438184,11.53,11.52,11.51,11.54,11.55,11.56,100,2100,1600,500,1100,4300,11.53
494,819,BRANIMACNOR6BR00,ANIM3,1620664710439875,11.52,11.51,11.5,11.54,11.55,11.56,2200,1600,5600,500,1100,4300,11.53
495,819,BRANIMACNOR6BR00,ANIM3,1620664710440551,11.53,11.52,11.51,11.54,11.55,11.56,100,2200,1600,500,1100,4300,11.53
496,819,BRANIMACNOR6BR00,ANIM3,1620664710441667,11.53,11.52,11.51,11.54,11.55,11.56,100,2100,1600,500,1100,4300,11.53
497,819,BRANIMACNOR6BR00,ANIM3,1620664710442051,11.53,11.52,11.51,11.54,11.55,11.56,100,2100,1600,400,1100,4300,11.53
498,819,BRANIMACNOR6BR00,ANIM3,1620664710443430,11.52,11.51,11.5,11.54,11.55,11.56,2200,1600,5600,500,1100,4300,11.53
499,819,BRANIMACNOR6BR00,ANIM3,1620664710476291,11.53,11.52,11.51,11.54,11.55,11.56,100,2200,1600,400,1100,4300,11.53
500,819,BRANIMACNOR6BR00,ANIM3,1620664710477498,11.53,11.52,11.51,11.54,11.55,11.56,100,2100,1600,500,1100,4300,11.53
501,819,BRANIMACNOR6BR00,ANIM3,1620664710477647,11.53,11.52,11.51,11.54,11.55,11.56,100,2100,1600,400,1100,4300,11.53
502,819,BRANIMACNOR6BR00,ANIM3,1620664710478721,11.52,11.51,11.5,11.54,11.55,11.56,1500,1600,5600,500,1100,4300,11.53
503,819,BRANIMACNOR6BR00,ANIM3,1620664711426109,11.53,11.52,11.51,11.54,11.55,11.56,100,1700,2300,400,1100,4400,11.53
504,819,BRANIMACNOR6BR00,ANIM3,1620664711427401,11.53,11.52,11.51,11.54,11.55,11.56,100,2300,900,500,1100,4400,11.53
505,819,BRANIMACNOR6BR00,ANIM3,1620664711427563,11.53,11.52,11.51,11.54,11.55,11.56,100,1600,900,500,1100,4400,11.53
506,819,BRANIMACNOR6BR00,ANIM3,1620664711428993,11.52,11.51,11.5,11.54,11.55,11.56,2400,900,5600,500,1100,4400,11.53
507,819,BRANIMACNOR6BR00,ANIM3,1620664711429477,11.53,11.52,11.51,11.54,11.55,11.56,100,1700,900,500,1100,4400,11.53
508,819,BRANIMACNOR6BR00,ANIM3,1620664711430670,11.53,11.52,11.51,11.54,11.55,11.56,100,1600,900,500,1100,4400,11.53
509,819,BRANIMACNOR6BR00,ANIM3,1620664711431975,11.53,11.52,11.51,11.54,11.55,11.56,100,1600,900,500,1100,4400,11.53
510,819,BRANIMACNOR6BR00,ANIM3,1620664711433152,11.52,11.51,11.5,11.54,11.55,11.56,1700,900,5600,500,1100,4400,11.53
511,819,BRANIMACNOR6BR00,ANIM3,1620664711433714,11.53,11.52,11.51,11.54,11.55,11.56,100,1700,900,500,1100,4400,11.53
512,819,BRANIMACNOR6BR00,ANIM3,1620664711434829,11.53,11.52,11.51,11.54,11.55,11.56,100,1600,900,500,1100,4400,11.53
513,819,BRANIMACNOR6BR00,ANIM3,1620664711436003,11.53,11.52,11.51,11.54,11.55,11.56,100,1600,900,500,1100,4400,11.53
514,819,BRANIMACNOR6BR00,ANIM3,1620664711437085,11.52,11.51,11.5,11.54,11.55,11.56,1700,900,5600,500,1100,4400,11.53
515,819,BRANIMACNOR6BR00,ANIM3,1620664711437757,11.53,11.52,11.51,11.54,11.55,11.56,100,1700,900,500,1100,4400,11.53
516,819,BRANIMACNOR6BR00,ANIM3,1620664711438909,11.53,11.52,11.51,11.54,11.55,11.56,100,1600,900,500,1100,4400,11.53
517,819,BRANIMACNOR6BR00,ANIM3,1620664711947464,11.53,11.52,11.51,11.54,11.55,11.56,100,1600,900,600,1100,4400,11.53
518,819,BRANIMACNOR6BR00,ANIM3,1620664711948688,11.52,11.51,11.5,11.54,11.55,11.56,1700,1600,5600,600,800,4400,11.53
519,819,BRANIMACNOR6BR00,ANIM3,1620664711949431,11.53,11.52,11.51,11.54,11.55,11.56,100,1700,1600,600,1100,4400,11.53
520,819,BRANIMACNOR6BR00,ANIM3,1620664711950641,11.53,11.52,11.51,11.54,11.55,11.56,100,1600,1600,600,1100,4400,11.53
521,819,BRANIMACNOR6BR00,ANIM3,1620664712985825,11.53,11.52,11.51,11.54,11.55,11.56,100,1600,1600,600,800,4400,11.53
522,819,BRANIMACNOR6BR00,ANIM3,1620664712987142,11.52,11.51,11.5,11.54,11.55,11.56,2400,900,5600,600,800,4400,11.53
523,819,BRANIMACNOR6BR00,ANIM3,1620664845899050,11.52,11.51,11.5,11.53,11.54,11.55,1100,700,6300,1400,2200,900,11.53
524,819,BRANIMACNOR6BR00,ANIM3,1620664845905386,11.52,11.51,11.5,11.53,11.54,11.55,800,700,6300,1400,2200,900,11.52
525,819,BRANIMACNOR6BR00,ANIM3,1620664845906531,11.52,11.51,11.5,11.53,11.54,11.55,900,700,6300,1400,2200,900,11.52
526,819,BRANIMACNOR6BR00,ANIM3,1620664858814641,11.51,11.5,11.49,11.53,11.54,11.55,700,6300,4900,1400,2200,900,11.52
527,819,BRANIMACNOR6BR00,ANIM3,1620664858814875,11.51,11.5,11.49,11.53,11.54,11.55,700,6300,4900,1400,2200,900,11.52
528,1080,BRAZULACNPR4BR00,AZUL4,1620664534741823,39.68,39.67,39.66,39.7,39.71,39.72,700,600,1800,300,900,2400,39.7
529,1080,BRAZULACNPR4BR00,AZUL4,1620664534741863,39.68,39.67,39.66,39.7,39.71,39.72,700,600,1800,300,900,2400,39.7
530,1080,BRAZULACNPR4BR00,AZUL4,1620664534743131,39.68,39.67,39.66,39.7,39.71,39.72,1000,600,1800,300,900,2400,39.7
531,1080,BRAZULACNPR4BR00,AZUL4,1620664534743148,39.68,39.67,39.66,39.7,39.71,39.72,1000,600,1800,300,900,2400,39.7
532,1080,BRAZULACNPR4BR00,AZUL4,1620664535321462,39.68,39.67,39.66,39.7,39.71,39.72,1000,600,1800,200,900,2400,39.7
533,1080,BRAZULACNPR4BR00,AZUL4,1620664535321482,39.68,39.67,39.66,39.7,39.71,39.72,1000,600,1800,200,900,2400,39.7
534,1080,BRAZULACNPR4BR00,AZUL4,1620664536427783,39.68,39.67,39.66,39.7,39.71,39.72,1000,800,1500,200,900,2400,39.7
535,1080,BRAZULACNPR4BR00,AZUL4,1620664536427810,39.68,39.67,39.66,39.7,39.71,39.72,1000,800,1500,200,900,2400,39.7
536,1080,BRAZULACNPR4BR00,AZUL4,1620664536428451,39.68,39.67,39.66,39.7,39.71,39.72,700,800,1500,200,900,2400,39.7
537,1080,BRAZULACNPR4BR00,AZUL4,1620664536428478,39.68,39.67,39.66,39.7,39.71,39.72,700,800,1500,200,900,2400,39.7
538,1080,BRAZULACNPR4BR00,AZUL4,1620664536559144,39.68,39.67,39.66,39.7,39.71,39.72,700,600,1700,200,900,2400,39.7
539,1080,BRAZULACNPR4BR00,AZUL4,1620664536559167,39.68,39.67,39.66,39.7,39.71,39.72,700,600,1700,200,900,2400,39.7
540,1080,BRAZULACNPR4BR00,AZUL4,1620664537886659,39.68,39.67,39.66,39.7,39.71,39.72,700,600,1600,200,900,2400,39.7
541,1080,BRAZULACNPR4BR00,AZUL4,1620664537886687,39.68,39.67,39.66,39.7,39.71,39.72,700,600,1600,200,900,2400,39.7
542,1080,BRAZULACNPR4BR00,AZUL4,1620664541014138,39.68,39.67,39.66,39.7,39.71,39.72,700,600,1600,100,900,2400,39.7
543,1080,BRAZULACNPR4BR00,AZUL4,1620664541015425,39.68,39.67,39.66,39.7,39.71,39.72,700,600,1700,200,900,2400,39.7
544,1080,BRAZULACNPR4BR00,AZUL4,1620664542766885,39.68,39.67,39.66,39.7,39.71,39.72,700,600,1700,300,900,2200,39.7
545,1080,BRAZULACNPR4BR00,AZUL4,1620664543271300,39.68,39.67,39.66,39.7,39.71,39.72,700,600,1700,400,900,2200,39.7
546,1080,BRAZULACNPR4BR00,AZUL4,1620664543272559,39.68,39.67,39.66,39.7,39.71,39.72,700,600,1700,500,900,2200,39.7
547,1080,BRAZULACNPR4BR00,AZUL4,1620664544521084,39.68,39.67,39.66,39.71,39.72,39.73,700,600,1600,900,2200,4100,39.7
548,1080,BRAZULACNPR4BR00,AZUL4,1620664544521087,39.68,39.67,39.66,39.71,39.72,39.73,700,600,1600,900,2200,4100,39.7
549,1080,BRAZULACNPR4BR00,AZUL4,1620664544521886,39.68,39.67,39.66,39.71,39.72,39.73,700,600,1600,700,2200,4100,39.7
550,1080,BRAZULACNPR4BR00,AZUL4,1620664544523252,39.68,39.67,39.66,39.71,39.72,39.73,800,600,1900,1500,2200,4100,39.7
551,1080,BRAZULACNPR4BR00,AZUL4,1620664545023686,39.68,39.67,39.66,39.7,39.71,39.72,700,600,1800,100,1800,2200,39.7
552,1080,BRAZULACNPR4BR00,AZUL4,1620664545023707,39.68,39.67,39.66,39.7,39.71,39.72,700,600,1800,100,1800,2200,39.7
553,1080,BRAZULACNPR4BR00,AZUL4,1620664548674930,39.66,39.65,39.64,39.69,39.7,39.71,100,1500,1600,400,1900,2600,39.66
554,1080,BRAZULACNPR4BR00,AZUL4,1620664548676231,39.66,39.65,39.64,39.69,39.7,39.71,100,700,1300,1900,2200,2500,39.66
555,1080,BRAZULACNPR4BR00,AZUL4,1620664548676791,39.66,39.65,39.64,39.68,39.69,39.7,100,700,1300,500,1900,2200,39.66
556,1080,BRAZULACNPR4BR00,AZUL4,1620664548676832,39.66,39.65,39.64,39.68,39.69,39.7,100,700,1300,500,1900,2200,39.66
557,1080,BRAZULACNPR4BR00,AZUL4,1620664565105781,39.66,39.65,39.64,39.69,39.7,39.71,1200,1100,2200,300,1200,2000,39.69
558,1080,BRAZULACNPR4BR00,AZUL4,1620664565144249,39.66,39.65,39.64,39.69,39.7,39.71,1200,1100,2200,300,1200,2000,39.69
559,1080,BRAZULACNPR4BR00,AZUL4,1620664565145436,39.66,39.65,39.64,39.69,39.7,39.71,1200,1100,2200,400,1200,2000,39.69
560,1080,BRAZULACNPR4BR00,AZUL4,1620664584553391,39.67,39.66,39.65,39.7,39.71,39.72,600,1500,2600,900,1200,3500,39.69
561,1080,BRAZULACNPR4BR00,AZUL4,1620664584553528,39.67,39.66,39.65,39.7,39.71,39.72,600,1500,2600,900,1200,3500,39.69
562,1080,BRAZULACNPR4BR00,AZUL4,1620664584554156,39.67,39.66,39.65,39.7,39.71,39.72,600,1500,2600,900,1200,3300,39.69
563,1080,BRAZULACNPR4BR00,AZUL4,1620664584555454,39.67,39.66,39.65,39.7,39.71,39.72,1600,1500,2000,1000,1100,3300,39.69
564,1080,BRAZULACNPR4BR00,AZUL4,1620664598881090,39.69,39.67,39.66,39.7,39.71,39.72,1200,2000,800,400,400,700,39.7
565,1080,BRAZULACNPR4BR00,AZUL4,1620664598881950,39.69,39.67,39.66,39.7,39.71,39.72,1200,2000,1100,400,400,700,39.7
566,1080,BRAZULACNPR4BR00,AZUL4,1620664598883467,39.69,39.67,39.66,39.7,39.71,39.72,1200,2000,1100,500,400,700,39.7
567,1080,BRAZULACNPR4BR00,AZUL4,1620664598925688,39.69,39.67,39.66,39.71,39.72,39.73,1200,2000,1100,400,700,5900,39.7
568,1080,BRAZULACNPR4BR00,AZUL4,1620664598925942,39.69,39.67,39.66,39.71,39.72,39.73,1200,2000,1100,400,700,5900,39.7
569,1080,BRAZULACNPR4BR00,AZUL4,1620664598927165,39.69,39.67,39.66,39.71,39.72,39.73,1200,2000,1100,400,700,5900,39.7
570,1080,BRAZULACNPR4BR00,AZUL4,1620664598928394,39.69,39.67,39.66,39.71,39.72,39.73,1200,2000,1100,500,700,5900,39.7
571,1080,BRAZULACNPR4BR00,AZUL4,1620664599385265,39.69,39.67,39.66,39.7,39.71,39.72,1200,2000,1100,100,500,700,39.7
572,1080,BRAZULACNPR4BR00,AZUL4,1620664599385287,39.69,39.67,39.66,39.7,39.71,39.72,1200,2000,1100,100,500,700,39.7
573,1080,BRAZULACNPR4BR00,AZUL4,1620664614642743,39.69,39.68,39.67,39.7,39.71,39.72,1600,300,1400,300,900,1500,39.7
574,1080,BRAZULACNPR4BR00,AZUL4,1620664614643093,39.69,39.68,39.67,39.7,39.71,39.72,1600,300,1400,300,900,1500,39.73
575,1080,BRAZULACNPR4BR00,AZUL4,1620664614645570,39.73,39.7,39.69,39.74,39.75,39.76,41900,500,1800,600,16000,800,39.73
576,1080,BRAZULACNPR4BR00,AZUL4,1620664614645708,39.73,39.7,39.69,39.74,39.75,39.76,41700,500,1800,600,16000,800,39.73
577,1080,BRAZULACNPR4BR00,AZUL4,1620664614645800,39.73,39.7,39.69,39.74,39.75,39.76,41700,500,1800,600,16000,800,39.73
578,1080,BRAZULACNPR4BR00,AZUL4,1620664614645875,39.73,39.7,39.69,39.74,39.75,39.76,41700,500,1800,600,15700,800,39.73
579,1080,BRAZULACNPR4BR00,AZUL4,1620664614650007,39.73,39.71,39.7,39.74,39.75,39.76,21100,600,1100,1400,14000,800,39.73
580,1080,BRAZULACNPR4BR00,AZUL4,1620664614654042,39.7,39.69,39.68,39.73,39.74,39.75,300,1600,1000,3700,2300,13900,39.73
581,1080,BRAZULACNPR4BR00,AZUL4,1620664614654061,39.7,39.69,39.68,39.73,39.74,39.75,300,1600,1000,3700,2300,13900,39.73
582,1080,BRAZULACNPR4BR00,AZUL4,1620664614655836,39.69,39.68,39.67,39.72,39.73,39.74,1600,600,1200,700,4700,2400,39.73
583,1080,BRAZULACNPR4BR00,AZUL4,1620664614655926,39.69,39.68,39.67,39.72,39.73,39.74,1600,600,1200,700,4800,2400,39.73
584,1080,BRAZULACNPR4BR00,AZUL4,1620664614749882,39.7,39.69,39.68,39.73,39.74,39.75,500,1600,600,3800,1600,14300,39.72
585,1080,BRAZULACNPR4BR00,AZUL4,1620664614749901,39.7,39.69,39.68,39.73,39.74,39.75,500,1600,600,3800,1600,14300,39.72
586,1080,BRAZULACNPR4BR00,AZUL4,1620664615653733,39.71,39.7,39.69,39.74,39.75,39.76,1500,700,2200,8000,14300,1100,39.74
587,1080,BRAZULACNPR4BR00,AZUL4,1620664615654369,39.71,39.7,39.69,39.74,39.75,39.76,1500,700,2200,8000,14000,1100,39.74
588,1080,BRAZULACNPR4BR00,AZUL4,1620664615655872,39.71,39.7,39.69,39.74,39.75,39.76,2200,800,1900,8100,14000,800,39.74
589,1080,BRAZULACNPR4BR00,AZUL4,1620664617359279,39.71,39.7,39.69,39.73,39.74,39.75,1500,700,1200,300,8600,14000,39.74
590,1080,BRAZULACNPR4BR00,AZUL4,1620664617360735,39.71,39.7,39.69,39.73,39.74,39.75,1500,700,1200,400,9100,14000,39.74
591,1080,BRAZULACNPR4BR00,AZUL4,1620664631461057,39.7,39.69,39.68,39.71,39.73,39.74,1600,2300,1400,800,9600,1100,39.71
592,1080,BRAZULACNPR4BR00,AZUL4,1620664631462331,39.7,39.69,39.68,39.71,39.73,39.74,1600,1800,1400,900,9500,1100,39.71
593,1080,BRAZULACNPR4BR00,AZUL4,1620664631831846,39.7,39.69,39.68,39.73,39.74,39.75,1600,1800,1900,9400,1300,3900,39.71
594,1080,BRAZULACNPR4BR00,AZUL4,1620664631832095,39.7,39.69,39.68,39.73,39.74,39.75,1600,1800,1900,9400,1300,3900,39.71
595,1080,BRAZULACNPR4BR00,AZUL4,1620664631832945,39.7,39.69,39.68,39.73,39.74,39.75,1600,1900,1900,9400,1300,3900,39.71
596,1080,BRAZULACNPR4BR00,AZUL4,1620664631834290,39.7,39.69,39.68,39.73,39.74,39.75,1600,1900,1900,9500,1300,3900,39.71
597,1080,BRAZULACNPR4BR00,AZUL4,1620664633562575,39.73,39.7,39.69,39.74,39.75,39.76,40300,1200,1800,1200,3900,2100,39.73
598,1080,BRAZULACNPR4BR00,AZUL4,1620664633562776,39.73,39.7,39.69,39.74,39.75,39.76,40300,1200,1800,1200,3900,2100,39.73
599,1080,BRAZULACNPR4BR00,AZUL4,1620664633563361,39.73,39.7,39.69,39.74,39.75,39.76,40300,1200,1800,1200,3900,2100,39.73
600,1080,BRAZULACNPR4BR00,AZUL4,1620664633565650,39.73,39.72,39.71,39.74,39.75,39.76,40300,600,600,100,3700,600,39.74
601,1080,BRAZULACNPR4BR00,AZUL4,1620664633565851,39.73,39.72,39.71,39.74,39.75,39.76,40300,600,600,100,3600,600,39.74
602,1080,BRAZULACNPR4BR00,AZUL4,1620664633566876,39.73,39.72,39.71,39.75,39.76,39.77,40400,700,600,3600,500,1300,39.74
603,1080,BRAZULACNPR4BR00,AZUL4,1620664633566922,39.73,39.72,39.71,39.75,39.76,39.77,40400,700,600,3600,500,1000,39.74
604,1080,BRAZULACNPR4BR00,AZUL4,1620664633569075,39.73,39.72,39.71,39.75,39.76,39.77,40400,700,600,3700,1500,1000,39.74
605,1080,BRAZULACNPR4BR00,AZUL4,1620664634967512,39.73,39.72,39.71,39.76,39.77,39.78,40300,1500,2000,200,1200,3500,39.75
606,1080,BRAZULACNPR4BR00,AZUL4,1620664634967671,39.73,39.72,39.71,39.76,39.77,39.78,40300,1500,2000,200,1200,3500,39.75
607,1080,BRAZULACNPR4BR00,AZUL4,1620664634968463,39.73,39.72,39.71,39.76,39.77,39.78,40300,1500,2000,200,1100,3500,39.75
608,1080,BRAZULACNPR4BR00,AZUL4,1620664634969886,39.74,39.73,39.72,39.76,39.77,39.78,100,40500,1500,100,400,3500,39.75
609,1080,BRAZULACNPR4BR00,AZUL4,1620664634970151,39.74,39.73,39.72,39.76,39.77,39.78,100,40500,1500,100,700,3500,39.75
610,1080,BRAZULACNPR4BR00,AZUL4,1620664634971386,39.74,39.73,39.72,39.77,39.78,39.79,500,40400,900,800,2900,1900,39.75
611,1080,BRAZULACNPR4BR00,AZUL4,1620664635586126,39.74,39.73,39.72,39.76,39.77,39.78,100,41000,900,100,2000,2900,39.75
612,1080,BRAZULACNPR4BR00,AZUL4,1620664635587357,39.74,39.73,39.72,39.76,39.77,39.78,100,41000,900,600,2200,2900,39.75
613,1080,BRAZULACNPR4BR00,AZUL4,1620664636075508,39.72,39.71,39.7,39.75,39.76,39.77,600,1900,1800,100,1400,1100,39.75
614,1080,BRAZULACNPR4BR00,AZUL4,1620664636076830,39.73,39.72,39.71,39.75,39.76,39.77,300,600,1900,600,1900,1300,39.75
615,1080,BRAZULACNPR4BR00,AZUL4,1620664637689482,39.71,39.7,39.69,39.74,39.75,39.76,1500,2300,3200,500,2100,900,39.74
616,1080,BRAZULACNPR4BR00,AZUL4,1620664637691067,39.71,39.7,39.69,39.73,39.74,39.75,1000,2400,3200,100,1000,2700,39.74
617,1080,BRAZULACNPR4BR00,AZUL4,1620664637691228,39.71,39.7,39.69,39.73,39.74,39.75,1300,2400,3200,100,1000,2700,39.74
618,1080,BRAZULACNPR4BR00,AZUL4,1620664637692351,39.71,39.7,39.69,39.73,39.74,39.75,1300,2400,3200,200,900,2700,39.74
619,1080,BRAZULACNPR4BR00,AZUL4,1620664637784025,39.71,39.7,39.69,39.74,39.75,39.76,1300,2400,3200,400,2900,1100,39.73
620,1080,BRAZULACNPR4BR00,AZUL4,1620664637784152,39.71,39.7,39.69,39.74,39.75,39.76,2300,1400,3200,400,2900,1100,39.73
621,1080,BRAZULACNPR4BR00,AZUL4,1620664637784988,39.71,39.7,39.69,39.74,39.75,39.76,2400,1400,3200,400,2900,1100,39.73
622,1080,BRAZULACNPR4BR00,AZUL4,1620664637786276,39.71,39.7,39.69,39.74,39.75,39.76,2400,1400,3200,500,2900,1100,39.73
623,1080,BRAZULACNPR4BR00,AZUL4,1620664644744564,39.71,39.7,39.69,39.73,39.74,39.75,500,1700,2800,1000,2400,1300,39.74
624,1080,BRAZULACNPR4BR00,AZUL4,1620664644745770,39.71,39.7,39.69,39.73,39.74,39.75,500,1100,2800,1100,2300,1300,39.74
625,1080,BRAZULACNPR4BR00,AZUL4,1620664647025671,39.71,39.7,39.69,39.72,39.73,39.74,400,1300,2800,100,2000,2200,39.74
626,1080,BRAZULACNPR4BR00,AZUL4,1620664647026895,39.71,39.7,39.69,39.72,39.73,39.74,400,1100,2800,200,1900,2200,39.74
627,1080,BRAZULACNPR4BR00,AZUL4,1620664647273221,39.71,39.7,39.69,39.72,39.73,39.74,400,1100,2800,100,1900,2200,39.72
628,1080,BRAZULACNPR4BR00,AZUL4,1620664647274501,39.71,39.7,39.69,39.73,39.74,39.75,400,1100,2800,2000,2200,1300,39.72
629,1080,BRAZULACNPR4BR00,AZUL4,1620664647681605,39.7,39.69,39.68,39.72,39.73,39.74,700,2100,1900,500,1600,2500,39.7
630,1080,BRAZULACNPR4BR00,AZUL4,1620664647682888,39.7,39.69,39.68,39.72,39.73,39.74,700,2100,1900,600,1500,2500,39.7
631,1080,BRAZULACNPR4BR00,AZUL4,1620664647685362,39.7,39.69,39.68,39.71,39.72,39.73,700,2300,1900,1000,600,1500,39.7
632,1080,BRAZULACNPR4BR00,AZUL4,1620664647686512,39.7,39.69,39.68,39.71,39.72,39.73,700,2300,1500,1100,600,1500,39.7
633,1080,BRAZULACNPR4BR00,AZUL4,1620664659443644,39.7,39.69,39.68,39.71,39.72,39.73,1000,300,1500,700,100,1800,39.71
634,1080,BRAZULACNPR4BR00,AZUL4,1620664659444261,39.7,39.69,39.68,39.71,39.72,39.73,1000,300,1500,700,100,1200,39.71
635,1080,BRAZULACNPR4BR00,AZUL4,1620664659445424,39.7,39.69,39.68,39.71,39.72,39.73,1000,1000,1500,800,100,1200,39.71
636,1080,BRAZULACNPR4BR00,AZUL4,1620664668831903,39.69,39.68,39.67,39.72,39.73,39.74,500,1300,3600,1000,1700,2100,39.71
637,1080,BRAZULACNPR4BR00,AZUL4,1620664668832110,39.69,39.68,39.67,39.72,39.73,39.74,500,1300,3600,1000,1700,2100,39.71
638,1080,BRAZULACNPR4BR00,AZUL4,1620664668832723,39.69,39.68,39.67,39.72,39.73,39.74,500,1100,3600,1000,1700,2100,39.71
639,1080,BRAZULACNPR4BR00,AZUL4,1620664668834065,39.69,39.68,39.67,39.72,39.73,39.74,800,1200,3600,500,1500,2100,39.71
640,1080,BRAZULACNPR4BR00,AZUL4,1620664668835187,39.69,39.68,39.67,39.71,39.72,39.73,800,1200,3600,1000,400,1500,39.71
641,1080,BRAZULACNPR4BR00,AZUL4,1620664668836305,39.69,39.68,39.67,39.71,39.72,39.73,500,1200,3600,1100,100,2100,39.71
642,1080,BRAZULACNPR4BR00,AZUL4,1620664669334741,39.69,39.68,39.67,39.7,39.71,39.72,500,1100,3600,100,1100,200,39.71
643,1080,BRAZULACNPR4BR00,AZUL4,1620664669336167,39.69,39.68,39.67,39.7,39.71,39.72,500,1100,3600,200,1000,500,39.71
644,1080,BRAZULACNPR4BR00,AZUL4,1620664670127270,39.69,39.68,39.67,39.7,39.71,39.72,600,1700,3600,100,1000,500,39.7
645,1080,BRAZULACNPR4BR00,AZUL4,1620664670128575,39.69,39.68,39.67,39.7,39.71,39.72,600,1700,3600,100,1000,500,39.7
646,1080,BRAZULACNPR4BR00,AZUL4,1620664675144003,39.7,39.69,39.68,39.71,39.72,39.73,1000,1100,2100,700,100,1100,39.71
647,1080,BRAZULACNPR4BR00,AZUL4,1620664675144908,39.7,39.69,39.68,39.71,39.72,39.73,1200,1100,2100,700,100,1100,39.71
648,1080,BRAZULACNPR4BR00,AZUL4,1620664675146141,39.7,39.69,39.68,39.71,39.72,39.73,1200,1200,2100,800,100,1100,39.71
649,1080,BRAZULACNPR4BR00,AZUL4,1620664676119652,39.7,39.69,39.68,39.72,39.73,39.74,700,1100,2400,100,1500,2700,39.71
650,1080,BRAZULACNPR4BR00,AZUL4,1620664676119810,39.7,39.69,39.68,39.72,39.73,39.74,700,1100,2400,100,1500,2700,39.71
651,1080,BRAZULACNPR4BR00,AZUL4,1620664676120806,39.7,39.69,39.68,39.72,39.73,39.74,700,1200,2400,100,1500,2700,39.71
652,1080,BRAZULACNPR4BR00,AZUL4,1620664676122024,39.7,39.69,39.68,39.72,39.73,39.74,700,1200,2400,200,1500,2700,39.71
653,1080,BRAZULACNPR4BR00,AZUL4,1620664682572176,39.68,39.67,39.66,39.71,39.72,39.73,1800,3000,2900,500,1500,2200,39.7
654,1080,BRAZULACNPR4BR00,AZUL4,1620664682572212,39.68,39.67,39.66,39.71,39.72,39.73,1800,3000,2900,500,1500,2200,39.7
655,1080,BRAZULACNPR4BR00,AZUL4,1620664688085856,39.68,39.67,39.66,39.7,39.71,39.72,1600,3000,2000,1000,1300,2200,39.7
656,1080,BRAZULACNPR4BR00,AZUL4,1620664688087176,39.68,39.67,39.66,39.7,39.71,39.72,1600,3000,2000,1100,800,2100,39.7
657,1080,BRAZULACNPR4BR00,AZUL4,1620664692027493,39.68,39.67,39.66,39.7,39.71,39.72,1400,2100,2100,600,800,5000,39.7
658,1319,BRB3SAACNOR6BR00,B3SA3,1620664532818050,53.27,53.26,53.25,53.28,53.29,53.3,6400,600,2300,3300,6200,17900,53.27
659,1319,BRB3SAACNOR6BR00,B3SA3,1620664532819282,53.27,53.26,53.25,53.28,53.29,53.3,6500,600,2300,3300,6200,17900,53.27
660,1319,BRB3SAACNOR6BR00,B3SA3,1620664537866176,53.28,53.27,53.26,53.29,53.3,53.31,1100,3900,1800,4800,16900,4000,53.29
661,1319,BRB3SAACNOR6BR00,B3SA3,1620664537866208,53.28,53.27,53.26,53.29,53.3,53.31,1100,3900,1800,4800,16900,4000,53.29
662,1319,BRB3SAACNOR6BR00,B3SA3,1620664569022766,53.29,53.28,53.27,53.3,53.31,53.32,1100,5000,4600,3800,700,1800,53.29
663,1319,BRB3SAACNOR6BR00,B3SA3,1620664569025182,53.29,53.28,53.27,53.3,53.31,53.32,1800,5100,4600,3700,800,1800,53.29
664,1319,BRB3SAACNOR6BR00,B3SA3,1620664569029828,53.3,53.29,53.28,53.31,53.32,53.33,1100,1900,5600,600,700,3600,53.3
665,1319,BRB3SAACNOR6BR00,B3SA3,1620664569036289,53.3,53.29,53.28,53.31,53.32,53.33,1300,2900,4900,400,700,3700,53.3
666,1319,BRB3SAACNOR6BR00,B3SA3,1620664569036410,53.32,53.3,53.29,53.33,53.34,53.35,400,1300,2900,3700,1700,7400,53.32
667,1319,BRB3SAACNOR6BR00,B3SA3,1620664569049229,53.32,53.31,53.3,53.33,53.34,53.35,100,1400,1500,2500,1600,6500,53.33
668,1319,BRB3SAACNOR6BR00,B3SA3,1620664569052667,53.32,53.31,53.3,53.33,53.34,53.35,100,1400,1500,2500,1600,6500,53.33
669,1319,BRB3SAACNOR6BR00,B3SA3,1620664569054069,53.31,53.3,53.29,53.33,53.34,53.35,1500,1500,3100,2500,1600,6500,53.33
670,1319,BRB3SAACNOR6BR00,B3SA3,1620664569106976,53.32,53.31,53.3,53.33,53.34,53.35,500,400,1400,2400,1600,6500,53.33
671,1319,BRB3SAACNOR6BR00,B3SA3,1620664569108553,53.32,53.31,53.3,53.33,53.34,53.35,600,300,1500,2400,1600,6500,53.33
672,1319,BRB3SAACNOR6BR00,B3SA3,1620664572975118,53.33,53.32,53.31,53.34,53.35,53.36,1100,3100,1600,600,5600,1500,53.34
673,1319,BRB3SAACNOR6BR00,B3SA3,1620664572983186,53.33,53.32,53.31,53.34,53.35,53.36,1300,3000,1700,900,5600,1400,53.34
674,1319,BRB3SAACNOR6BR00,B3SA3,1620664573417313,53.33,53.32,53.31,53.34,53.35,53.36,1000,2000,2200,100,5400,1500,53.33
675,1319,BRB3SAACNOR6BR00,B3SA3,1620664573418370,53.33,53.32,53.31,53.34,53.35,53.36,1000,2000,2200,100,6500,1500,53.33
676,1319,BRB3SAACNOR6BR00,B3SA3,1620664573419940,53.33,53.32,53.31,53.34,53.35,53.36,1100,900,2200,100,6600,1600,53.33
677,1319,BRB3SAACNOR6BR00,B3SA3,1620664574104053,53.34,53.33,53.32,53.35,53.36,53.37,200,2900,1900,5600,1600,1800,53.34
678,1319,BRB3SAACNOR6BR00,B3SA3,1620664574105373,53.34,53.33,53.32,53.35,53.36,53.37,300,2800,2000,5600,1600,1800,53.34
679,1319,BRB3SAACNOR6BR00,B3SA3,1620664576194815,53.33,53.32,53.31,53.35,53.36,53.37,3600,2200,2700,5400,600,1800,53.34
680,1319,BRB3SAACNOR6BR00,B3SA3,1620664576194873,53.33,53.32,53.31,53.35,53.36,53.37,3600,2200,2700,5400,600,1800,53.34
681,1319,BRB3SAACNOR6BR00,B3SA3,1620664576195134,53.33,53.32,53.31,53.35,53.36,53.37,3600,2200,2700,5400,1700,1800,53.34
682,1319,BRB3SAACNOR6BR00,B3SA3,1620664576196451,53.33,53.32,53.31,53.35,53.36,53.37,2500,1900,2200,6500,1800,1800,53.34
683,1319,BRB3SAACNOR6BR00,B3SA3,1620664579695636,53.34,53.33,53.32,53.35,53.36,53.37,100,2800,1600,6000,1800,2200,53.35
684,1319,BRB3SAACNOR6BR00,B3SA3,1620664579695659,53.34,53.33,53.32,53.35,53.36,53.37,100,2800,1600,6000,1800,2200,53.35
685,1319,BRB3SAACNOR6BR00,B3SA3,1620664599163775,53.35,53.34,53.33,53.36,53.37,53.38,100,3800,1500,800,600,2400,53.35
686,1319,BRB3SAACNOR6BR00,B3SA3,1620664599167000,53.35,53.34,53.33,53.36,53.37,53.38,1500,3800,1500,800,500,2400,53.35
687,1319,BRB3SAACNOR6BR00,B3SA3,1620664604132859,53.35,53.34,53.33,53.36,53.37,53.38,2400,1500,2200,800,500,2500,53.35
688,1319,BRB3SAACNOR6BR00,B3SA3,1620664604133504,53.35,53.34,53.33,53.36,53.37,53.38,2400,1500,1600,800,500,2500,53.35
689,1319,BRB3SAACNOR6BR00,B3SA3,1620664604135473,53.35,53.34,53.33,53.36,53.37,53.38,1100,300,1600,1100,1700,2600,53.36
690,1319,BRB3SAACNOR6BR00,B3SA3,1620664604140034,53.36,53.35,53.34,53.37,53.38,53.39,100,1300,1300,1500,2600,2700,53.36
691,1319,BRB3SAACNOR6BR00,B3SA3,1620664604141439,53.36,53.35,53.34,53.37,53.38,53.39,200,1200,1400,1500,1800,2700,53.36
692,1319,BRB3SAACNOR6BR00,B3SA3,1620664604574564,53.36,53.35,53.34,53.38,53.39,53.4,400,2500,3000,1500,2700,3100,53.36
693,1319,BRB3SAACNOR6BR00,B3SA3,1620664604575149,53.36,53.35,53.34,53.38,53.39,53.4,400,1400,3000,1500,2700,3100,53.36
694,1319,BRB3SAACNOR6BR00,B3SA3,1620664604575172,53.36,53.35,53.34,53.38,53.39,53.4,400,1400,3000,1500,2700,3100,53.36
695,1319,BRB3SAACNOR6BR00,B3SA3,1620664604575303,53.36,53.35,53.34,53.38,53.39,53.4,300,1400,3000,1500,2700,3100,53.36
696,1319,BRB3SAACNOR6BR00,B3SA3,1620664604575323,53.36,53.35,53.34,53.38,53.39,53.4,300,1400,3000,1500,2700,3100,53.36
697,1319,BRB3SAACNOR6BR00,B3SA3,1620664604575688,53.36,53.35,53.34,53.38,53.39,53.4,300,1400,3000,1600,2700,3100,53.36
698,1319,BRB3SAACNOR6BR00,B3SA3,1620664604575737,53.36,53.35,53.34,53.38,53.39,53.4,300,1400,3000,1600,2800,3100,53.36
699,1319,BRB3SAACNOR6BR00,B3SA3,1620664604575752,53.36,53.35,53.34,53.38,53.39,53.4,400,1400,3000,1600,2800,3100,53.36
700,1319,BRB3SAACNOR6BR00,B3SA3,1620664604575775,53.36,53.35,53.34,53.38,53.39,53.4,400,1400,3000,1600,2800,3100,53.36
701,1319,BRB3SAACNOR6BR00,B3SA3,1620664604576303,53.36,53.35,53.34,53.38,53.39,53.4,400,1400,2900,1600,2800,3100,53.36
702,1319,BRB3SAACNOR6BR00,B3SA3,1620664604576321,53.36,53.35,53.34,53.38,53.39,53.4,400,1400,2900,1600,2800,3100,53.36
703,1319,BRB3SAACNOR6BR00,B3SA3,1620664604576492,53.36,53.35,53.34,53.38,53.39,53.4,400,1400,2000,1600,2800,3100,53.36
704,1319,BRB3SAACNOR6BR00,B3SA3,1620664604576509,53.36,53.35,53.34,53.38,53.39,53.4,400,1400,2000,1600,2800,3100,53.36
705,1319,BRB3SAACNOR6BR00,B3SA3,1620664604751776,53.36,53.35,53.34,53.38,53.39,53.4,400,1400,2000,1800,2800,3100,53.36
706,1319,BRB3SAACNOR6BR00,B3SA3,1620664604753020,53.36,53.35,53.34,53.38,53.39,53.4,500,1400,2000,1800,2800,3100,53.36
707,1319,BRB3SAACNOR6BR00,B3SA3,1620664606389218,53.37,53.36,53.35,53.38,53.39,53.4,100,1900,2500,2200,2800,3600,53.36
708,1319,BRB3SAACNOR6BR00,B3SA3,1620664606390547,53.37,53.36,53.35,53.38,53.39,53.4,200,1800,2600,2200,2800,3600,53.36
709,1319,BRB3SAACNOR6BR00,B3SA3,1620664607920502,53.34,53.33,53.32,53.35,53.38,53.39,3800,2200,2700,800,900,2800,53.35
710,1319,BRB3SAACNOR6BR00,B3SA3,1620664607920641,53.34,53.33,53.32,53.35,53.38,53.39,3800,2200,2700,800,900,2800,53.35
711,1726,BRBBASACNOR3BR00,BBAS3,1620664533121800,30.46,30.45,30.44,30.47,30.48,30.49,13100,11000,17100,100,8100,9800,30.46
712,1726,BRBBASACNOR3BR00,BBAS3,1620664533121821,30.46,30.45,30.44,30.47,30.48,30.49,13100,11000,17100,100,8100,9800,30.46
713,1726,BRBBASACNOR3BR00,BBAS3,1620664533950012,30.46,30.45,30.44,30.47,30.48,30.49,13100,11000,17100,100,8100,9800,30.46
714,1726,BRBBASACNOR3BR00,BBAS3,1620664533951244,30.46,30.45,30.44,30.47,30.48,30.49,13100,11000,17100,200,8100,9800,30.46
715,1726,BRBBASACNOR3BR00,BBAS3,1620664533952888,30.46,30.45,30.44,30.47,30.48,30.49,13100,11000,17100,100,8100,9800,30.47
716,1726,BRBBASACNOR3BR00,BBAS3,1620664533953998,30.46,30.45,30.44,30.48,30.49,30.5,13000,11000,17100,8200,9800,39800,30.46
717,1726,BRBBASACNOR3BR00,BBAS3,1620664544980267,30.46,30.45,30.44,30.47,30.48,30.49,9200,11000,17100,2700,7800,9900,30.46
718,1726,BRBBASACNOR3BR00,BBAS3,1620664544981788,30.46,30.45,30.44,30.47,30.48,30.49,9200,9800,17100,2900,7700,9900,30.46
719,1726,BRBBASACNOR3BR00,BBAS3,1620664569068531,30.46,30.45,30.44,30.47,30.48,30.49,13600,10000,22700,1600,7800,8700,30.47
720,1726,BRBBASACNOR3BR00,BBAS3,1620664569069042,30.46,30.45,30.44,30.47,30.48,30.49,13900,10000,22700,1600,7800,8700,30.47
721,1726,BRBBASACNOR3BR00,BBAS3,1620664569070240,30.46,30.45,30.44,30.47,30.48,30.49,13900,11000,22700,1700,7800,8700,30.47
722,1726,BRBBASACNOR3BR00,BBAS3,1620664569232412,30.46,30.45,30.44,30.48,30.49,30.5,13900,11000,22700,7800,8700,35500,30.47
723,1726,BRBBASACNOR3BR00,BBAS3,1620664569232510,30.46,30.45,30.44,30.48,30.49,30.5,14000,11000,22700,7800,8700,35500,30.47
724,1726,BRBBASACNOR3BR00,BBAS3,1620664569232667,30.46,30.45,30.44,30.48,30.49,30.5,14000,10900,22700,7800,8700,35500,30.47
725,1726,BRBBASACNOR3BR00,BBAS3,1620664569235019,30.46,30.45,30.44,30.48,30.49,30.5,14100,10900,22700,7900,8700,35500,30.47
726,1726,BRBBASACNOR3BR00,BBAS3,1620664582131761,30.46,30.45,30.44,30.47,30.48,30.49,11400,9900,20400,400,6000,8500,30.46
727,1726,BRBBASACNOR3BR00,BBAS3,1620664582133393,30.46,30.45,30.44,30.47,30.48,30.49,11400,9900,20400,500,5900,8500,30.46
728,1726,BRBBASACNOR3BR00,BBAS3,1620664589992866,30.46,30.45,30.44,30.48,30.49,30.5,8300,10500,19100,6600,8500,40400,30.47
729,1726,BRBBASACNOR3BR00,BBAS3,1620664589993056,30.46,30.45,30.44,30.48,30.49,30.5,8300,10500,19100,6600,8500,40400,30.47
730,1726,BRBBASACNOR3BR00,BBAS3,1620664589994266,30.46,30.45,30.44,30.48,30.49,30.5,8500,10500,19100,6600,8500,40400,30.47
731,1726,BRBBASACNOR3BR00,BBAS3,1620664589995532,30.46,30.45,30.44,30.48,30.49,30.5,8800,10500,19100,6700,8500,40400,30.47
732,1726,BRBBASACNOR3BR00,BBAS3,1620664601788730,30.46,30.45,30.44,30.47,30.48,30.49,11600,10700,19600,400,8600,9700,30.46
733,1726,BRBBASACNOR3BR00,BBAS3,1620664601790087,30.46,30.45,30.44,30.47,30.48,30.49,11600,10700,19600,500,9000,9700,30.46
734,1726,BRBBASACNOR3BR00,BBAS3,1620664603339657,30.46,30.45,30.44,30.48,30.49,30.5,11700,10800,19600,8800,9700,38200,30.47
735,1726,BRBBASACNOR3BR00,BBAS3,1620664603339873,30.46,30.45,30.44,30.48,30.49,30.5,11700,10800,19600,8800,9700,38200,30.47
736,1726,BRBBASACNOR3BR00,BBAS3,1620664603380492,30.46,30.45,30.44,30.48,30.49,30.5,11700,10800,19600,8300,9700,38200,30.47
737,1726,BRBBASACNOR3BR00,BBAS3,1620664603381820,30.46,30.45,30.44,30.48,30.49,30.5,11700,10800,19600,8400,9700,38200,30.47
738,1726,BRBBASACNOR3BR00,BBAS3,1620664603406716,30.46,30.45,30.44,30.47,30.48,30.49,11400,10800,19600,100,8400,9700,30.47
739,1726,BRBBASACNOR3BR00,BBAS3,1620664603407948,30.46,30.45,30.44,30.47,30.48,30.49,11400,10800,20700,200,8300,9700,30.47
740,1726,BRBBASACNOR3BR00,BBAS3,1620664611817869,30.46,30.45,30.44,30.48,30.49,30.5,10000,13300,20500,8800,8500,38200,30.47
741,1726,BRBBASACNOR3BR00,BBAS3,1620664611817989,30.46,30.45,30.44,30.48,30.49,30.5,10000,13300,20500,8800,8500,38200,30.47
742,1726,BRBBASACNOR3BR00,BBAS3,1620664611818903,30.46,30.45,30.44,30.48,30.49,30.5,10000,13300,20500,8800,8500,36300,30.47
743,1726,BRBBASACNOR3BR00,BBAS3,1620664611820057,30.46,30.45,30.44,30.48,30.49,30.5,10000,13300,20500,8900,8500,36300,30.47
744,1726,BRBBASACNOR3BR00,BBAS3,1620664619399785,30.46,30.45,30.44,30.47,30.48,30.49,9800,17200,17200,1000,7900,8500,30.48
745,1726,BRBBASACNOR3BR00,BBAS3,1620664619399810,30.46,30.45,30.44,30.47,30.48,30.49,9800,17200,17200,1000,7900,8500,30.48
746,1726,BRBBASACNOR3BR00,BBAS3,1620664684436298,30.45,30.44,30.43,30.46,30.47,30.48,15400,15800,9300,2700,3800,9800,30.46
747,1726,BRBBASACNOR3BR00,BBAS3,1620664684438690,30.45,30.44,30.43,30.46,30.47,30.48,14300,15800,8000,2700,3800,11600,30.46
748,1726,BRBBASACNOR3BR00,BBAS3,1620664684440795,30.45,30.44,30.43,30.46,30.47,30.48,14300,14200,5600,100,4600,11500,30.46
749,1726,BRBBASACNOR3BR00,BBAS3,1620664684443725,30.45,30.44,30.43,30.46,30.47,30.48,16100,14200,5600,2200,5100,11500,30.46
750,1726,BRBBASACNOR3BR00,BBAS3,1620664684444103,30.45,30.44,30.43,30.46,30.47,30.48,16100,14200,5600,300,5100,11500,30.46
751,1726,BRBBASACNOR3BR00,BBAS3,1620664684445506,30.45,30.44,30.43,30.46,30.47,30.48,14300,14200,5600,400,5000,11500,30.46
752,1726,BRBBASACNOR3BR00,BBAS3,1620664684447068,30.45,30.44,30.43,30.46,30.47,30.48,16100,14200,5600,100,5000,11500,30.46
753,1726,BRBBASACNOR3BR00,BBAS3,1620664684448309,30.45,30.44,30.43,30.47,30.48,30.49,16400,14200,5600,5100,11500,11700,30.46
754,1726,BRBBASACNOR3BR00,BBAS3,1620664687388747,30.45,30.44,30.43,30.46,30.47,30.48,19000,14200,7700,1100,4200,9500,30.45
755,1726,BRBBASACNOR3BR00,BBAS3,1620664687389992,30.45,30.44,30.43,30.46,30.47,30.48,18900,14200,7700,1200,4100,11300,30.45
756,1726,BRBBASACNOR3BR00,BBAS3,1620664692490108,30.45,30.44,30.43,30.47,30.48,30.49,18300,14600,5700,5100,11200,7700,30.47
757,1726,BRBBASACNOR3BR00,BBAS3,1620664692490408,30.46,30.45,30.44,30.47,30.48,30.49,300,18300,14600,5100,11200,7700,30.47
758,1726,BRBBASACNOR3BR00,BBAS3,1620664692491504,30.46,30.45,30.44,30.47,30.48,30.49,300,18300,14600,5000,11200,7700,30.47
759,1726,BRBBASACNOR3BR00,BBAS3,1620664692510075,30.46,30.45,30.44,30.47,30.48,30.49,600,18200,14600,3300,8100,7700,30.47
760,1726,BRBBASACNOR3BR00,BBAS3,1620664696475126,30.45,30.44,30.43,30.46,30.47,30.48,18700,15600,8900,1100,3500,8200,30.45
761,1726,BRBBASACNOR3BR00,BBAS3,1620664696476746,30.45,30.44,30.43,30.46,30.47,30.48,18600,15600,8900,1200,4100,8200,30.45
762,1726,BRBBASACNOR3BR00,BBAS3,1620664696806613,30.45,30.44,30.43,30.47,30.48,30.49,18600,15700,8900,3500,8100,10200,30.46
763,1726,BRBBASACNOR3BR00,BBAS3,1620664696806811,30.45,30.44,30.43,30.47,30.48,30.49,18600,15700,8900,3500,8100,10200,30.46
764,1726,BRBBASACNOR3BR00,BBAS3,1620664696810368,30.45,30.44,30.43,30.47,30.48,30.49,18600,15700,8900,3500,8100,10300,30.46
765,1726,BRBBASACNOR3BR00,BBAS3,1620664696811562,30.45,30.44,30.43,30.47,30.48,30.49,18600,15700,8900,3600,8100,10300,30.46
766,1726,BRBBASACNOR3BR00,BBAS3,1620664698198458,30.45,30.44,30.43,30.46,30.47,30.48,19100,15700,8900,100,3600,8000,30.45
767,1726,BRBBASACNOR3BR00,BBAS3,1620664698199799,30.45,30.44,30.43,30.46,30.47,30.48,19100,15700,8900,200,3500,8000,30.45
768,1726,BRBBASACNOR3BR00,BBAS3,1620664699247902,30.45,30.44,30.43,30.48,30.49,30.5,18900,14200,8900,8400,10200,36100,30.48
769,1726,BRBBASACNOR3BR00,BBAS3,1620664699248020,30.45,30.44,30.43,30.48,30.49,30.5,18900,14200,8900,8400,10200,36100,30.48
770,1726,BRBBASACNOR3BR00,BBAS3,1620664699250883,30.45,30.44,30.43,30.47,30.48,30.49,18900,14200,8900,200,8400,10200,30.48
771,1726,BRBBASACNOR3BR00,BBAS3,1620664699260785,30.46,30.45,30.44,30.47,30.48,30.49,100,18800,15300,700,6200,9200,30.48
772,1726,BRBBASACNOR3BR00,BBAS3,1620664702858697,30.45,30.44,30.43,30.48,30.49,30.5,18700,14200,9900,10100,11900,37700,30.47
773,1726,BRBBASACNOR3BR00,BBAS3,1620664702858833,30.45,30.44,30.43,30.48,30.49,30.5,18700,14200,9900,10100,11900,37700,30.47
774,1726,BRBBASACNOR3BR00,BBAS3,1620664702860193,30.45,30.44,30.43,30.47,30.48,30.49,18700,14200,9900,200,10100,11900,30.47
775,1726,BRBBASACNOR3BR00,BBAS3,1620664702865047,30.46,30.45,30.44,30.47,30.48,30.49,800,18600,17500,700,8300,9200,30.47
776,1726,BRBBASACNOR3BR00,BBAS3,1620664705202714,30.45,30.44,30.43,30.46,30.47,30.48,17700,14200,8400,500,4300,11600,30.45
777,1726,BRBBASACNOR3BR00,BBAS3,1620664705203926,30.45,30.44,30.43,30.46,30.47,30.48,18000,14200,7600,600,4200,11600,30.45
778,1726,BRBBASACNOR3BR00,BBAS3,1620664709013562,30.44,30.43,30.42,30.45,30.46,30.47,10300,5800,18300,2700,4900,5900,30.45
779,1726,BRBBASACNOR3BR00,BBAS3,1620664709018976,30.44,30.43,30.42,30.45,30.46,30.47,10300,5800,17500,3000,5100,6700,30.45
780,1726,BRBBASACNOR3BR00,BBAS3,1620664709432719,30.44,30.43,30.42,30.45,30.46,30.47,800,5600,17500,300,6400,8500,30.45
781,1726,BRBBASACNOR3BR00,BBAS3,1620664709433752,30.44,30.43,30.42,30.45,30.46,30.47,1000,5600,17500,300,6400,8500,30.45
782,1726,BRBBASACNOR3BR00,BBAS3,1620664709435823,30.44,30.43,30.42,30.45,30.46,30.47,1400,5600,19300,400,6400,6500,30.45
783,1726,BRBBASACNOR3BR00,BBAS3,1620664721960843,30.44,30.43,30.42,30.45,30.46,30.47,4200,13800,17500,500,6600,6800,30.45
784,1726,BRBBASACNOR3BR00,BBAS3,1620664721961592,30.44,30.43,30.42,30.45,30.46,30.47,4200,13800,17500,300,6600,6800,30.45
785,1726,BRBBASACNOR3BR00,BBAS3,1620664721962876,30.44,30.43,30.42,30.45,30.46,30.47,4700,13800,17500,400,6600,6800,30.45
786,1726,BRBBASACNOR3BR00,BBAS3,1620664722732093,30.44,30.43,30.42,30.46,30.47,30.48,4100,13800,17500,6600,6800,12300,30.45
787,1726,BRBBASACNOR3BR00,BBAS3,1620664722732346,30.44,30.43,30.42,30.46,30.47,30.48,4100,13800,17500,6600,6800,12300,30.45
788,1726,BRBBASACNOR3BR00,BBAS3,1620664722732854,30.44,30.43,30.42,30.46,30.47,30.48,4100,13800,17500,6500,6800,12300,30.45
789,1726,BRBBASACNOR3BR00,BBAS3,1620664722734198,30.44,30.43,30.42,30.46,30.47,30.48,4600,13800,17500,6700,6000,12300,30.45
790,1726,BRBBASACNOR3BR00,BBAS3,1620664725337397,30.44,30.43,30.42,30.45,30.46,30.47,4800,14000,17500,100,6300,8200,30.44
791,1726,BRBBASACNOR3BR00,BBAS3,1620664725338723,30.44,30.43,30.42,30.45,30.46,30.47,4800,14000,17500,200,6200,8200,30.44
792,1726,BRBBASACNOR3BR00,BBAS3,1620664725524855,30.44,30.43,30.42,30.46,30.47,30.48,13700,14000,17500,6000,6400,12900,30.45
793,1726,BRBBASACNOR3BR00,BBAS3,1620664725525013,30.44,30.43,30.42,30.46,30.47,30.48,13700,14000,17500,6000,6400,12900,30.45
794,1726,BRBBASACNOR3BR00,BBAS3,1620664725525647,30.44,30.43,30.42,30.46,30.47,30.48,13700,14000,17500,4700,6400,12900,30.45
795,1726,BRBBASACNOR3BR00,BBAS3,1620664725526803,30.44,30.43,30.42,30.46,30.47,30.48,13700,14000,17500,4800,6400,12900,30.45
796,1726,BRBBASACNOR3BR00,BBAS3,1620664728088043,30.44,30.43,30.42,30.45,30.46,30.47,14100,14000,17500,1100,3900,6500,30.44
797,1726,BRBBASACNOR3BR00,BBAS3,1620664728089363,30.44,30.43,30.42,30.45,30.46,30.47,14100,12500,17500,1200,4600,6500,30.44
798,1726,BRBBASACNOR3BR00,BBAS3,1620664728410867,30.44,30.43,30.42,30.46,30.47,30.48,14100,12500,17500,4600,6500,12900,30.45
799,1726,BRBBASACNOR3BR00,BBAS3,1620664728411121,30.44,30.43,30.42,30.46,30.47,30.48,14100,12500,17500,4600,6500,12900,30.45
800,1726,BRBBASACNOR3BR00,BBAS3,1620664728414185,30.44,30.43,30.42,30.46,30.47,30.48,14000,12500,17500,4600,6500,12900,30.44
801,1726,BRBBASACNOR3BR00,BBAS3,1620664728415476,30.44,30.43,30.42,30.46,30.47,30.48,13900,12500,17500,4700,6500,12900,30.44
802,1726,BRBBASACNOR3BR00,BBAS3,1620664732654740,30.44,30.43,30.42,30.45,30.46,30.47,13800,12600,17500,1100,4300,6500,30.44
803,1726,BRBBASACNOR3BR00,BBAS3,1620664732656001,30.44,30.43,30.42,30.45,30.46,30.47,13800,12600,17500,1200,4200,6500,30.44
804,1726,BRBBASACNOR3BR00,BBAS3,1620664739925968,30.44,30.43,30.42,30.46,30.47,30.48,13500,12600,16300,4700,6400,12900,30.45
805,1726,BRBBASACNOR3BR00,BBAS3,1620664739926223,30.44,30.43,30.42,30.46,30.47,30.48,13500,12600,16300,4700,6400,12900,30.45
806,1726,BRBBASACNOR3BR00,BBAS3,1620664739928450,30.44,30.43,30.42,30.46,30.47,30.48,13400,12600,16300,4700,6400,12900,30.44
807,1726,BRBBASACNOR3BR00,BBAS3,1620664739929652,30.44,30.43,30.42,30.46,30.47,30.48,13400,12600,16300,4800,6400,12900,30.44
808,1726,BRBBASACNOR3BR00,BBAS3,1620664744303803,30.44,30.43,30.42,30.45,30.46,30.47,13900,12700,8300,2700,5500,6400,30.44
809,1726,BRBBASACNOR3BR00,BBAS3,1620664744308646,30.44,30.43,30.42,30.45,30.46,30.47,13600,12700,8200,400,5900,6400,30.44
810,1726,BRBBASACNOR3BR00,BBAS3,1620664744313989,30.44,30.43,30.42,30.45,30.46,30.47,15300,12700,8200,100,6700,6400,30.44
811,1726,BRBBASACNOR3BR00,BBAS3,1620664744316595,30.44,30.43,30.42,30.46,30.47,30.48,14400,12700,8200,6800,6400,12900,30.44
812,1726,BRBBASACNOR3BR00,BBAS3,1620664747408266,30.44,30.43,30.42,30.47,30.48,30.49,18800,12700,10900,6400,12900,15000,30.46
813,1726,BRBBASACNOR3BR00,BBAS3,1620664747408323,30.44,30.43,30.42,30.47,30.48,30.49,18800,12700,10900,6400,12900,15000,30.46
814,1726,BRBBASACNOR3BR00,BBAS3,1620664747408848,30.44,30.43,30.42,30.46,30.47,30.48,18800,12700,10900,200,6400,12900,30.46
815,1726,BRBBASACNOR3BR00,BBAS3,1620664747413394,30.45,30.44,30.43,30.46,30.47,30.48,3500,18800,12700,700,4900,7900,30.46
816,1726,BRBBASACNOR3BR00,BBAS3,1620664751684561,30.44,30.43,30.42,30.45,30.46,30.47,19000,12600,13900,300,4100,8100,30.44
817,1726,BRBBASACNOR3BR00,BBAS3,1620664751685877,30.44,30.43,30.42,30.45,30.46,30.47,19000,12600,13900,400,4000,8100,30.44
818,1726,BRBBASACNOR3BR00,BBAS3,1620664756431549,30.45,30.44,30.43,30.46,30.47,30.48,500,20100,13600,4600,8200,9700,30.45
819,1726,BRBBASACNOR3BR00,BBAS3,1620664756431785,30.45,30.44,30.43,30.46,30.47,30.48,500,20100,13600,4600,8200,9700,30.45
820,1726,BRBBASACNOR3BR00,BBAS3,1620664756432483,30.45,30.44,30.43,30.46,30.47,30.48,500,20100,13600,4500,8200,9700,30.45
821,1726,BRBBASACNOR3BR00,BBAS3,1620664756434175,30.45,30.44,30.43,30.46,30.47,30.48,500,19800,13600,5000,8200,9700,30.45
822,1726,BRBBASACNOR3BR00,BBAS3,1620664760449849,30.45,30.44,30.43,30.47,30.48,30.49,12000,20100,15000,5700,8300,16100,30.46
823,1726,BRBBASACNOR3BR00,BBAS3,1620664760450041,30.45,30.44,30.43,30.47,30.48,30.49,12000,20100,15000,5700,8300,16100,30.46
824,1726,BRBBASACNOR3BR00,BBAS3,1620664760450756,30.45,30.44,30.43,30.47,30.48,30.49,12000,20100,15000,5700,8300,16100,30.46
825,1726,BRBBASACNOR3BR00,BBAS3,1620664760452553,30.45,30.44,30.43,30.47,30.48,30.49,12000,21500,15000,5800,8300,16100,30.46
826,1726,BRBBASACNOR3BR00,BBAS3,1620664760766752,30.45,30.44,30.43,30.46,30.47,30.48,11600,21500,15000,1100,6300,8300,30.45
827,1726,BRBBASACNOR3BR00,BBAS3,1620664760768178,30.45,30.44,30.43,30.46,30.47,30.48,11600,21500,15000,1400,6200,8300,30.45
828,1726,BRBBASACNOR3BR00,BBAS3,1620664761056168,30.45,30.44,30.43,30.47,30.48,30.49,11600,21500,15000,6200,8300,16100,30.46
829,1726,BRBBASACNOR3BR00,BBAS3,1620664761056399,30.45,30.44,30.43,30.47,30.48,30.49,11600,21500,15000,6200,8300,16100,30.46
830,1726,BRBBASACNOR3BR00,BBAS3,1620664761057801,30.45,30.44,30.43,30.47,30.48,30.49,11900,21500,15000,6200,8300,16100,30.46
831,1726,BRBBASACNOR3BR00,BBAS3,1620664761059277,30.45,30.44,30.43,30.47,30.48,30.49,11900,21500,15000,6300,8300,16100,30.46
832,1726,BRBBASACNOR3BR00,BBAS3,1620664763698098,30.45,30.44,30.43,30.46,30.47,30.48,11200,22700,12800,200,7400,9700,30.45
833,1726,BRBBASACNOR3BR00,BBAS3,1620664763699382,30.45,30.44,30.43,30.46,30.47,30.48,11200,22700,12800,2200,7300,9700,30.45
834,1726,BRBBASACNOR3BR00,BBAS3,1620664769397711,30.45,30.44,30.43,30.47,30.48,30.49,12500,21200,14800,6500,9500,15800,30.46
835,1726,BRBBASACNOR3BR00,BBAS3,1620664769397909,30.45,30.44,30.43,30.47,30.48,30.49,12500,21200,14800,6500,9500,15800,30.46
836,1726,BRBBASACNOR3BR00,BBAS3,1620664769398571,30.45,30.44,30.43,30.47,30.48,30.49,12500,21200,14800,6500,9500,15800,30.46
837,1726,BRBBASACNOR3BR00,BBAS3,1620664769400187,30.45,30.44,30.43,30.47,30.48,30.49,12500,21200,14800,6600,9500,15800,30.46
838,1726,BRBBASACNOR3BR00,BBAS3,1620664775745977,30.45,30.44,30.43,30.46,30.47,30.48,14100,22800,16000,400,7700,9500,30.45
839,1726,BRBBASACNOR3BR00,BBAS3,1620664775747309,30.45,30.44,30.43,30.46,30.47,30.48,14100,22800,16000,500,7600,9500,30.45
840,1726,BRBBASACNOR3BR00,BBAS3,1620664776483179,30.45,30.44,30.43,30.46,30.47,30.48,15000,23000,16000,100,7600,9500,30.46
841,1726,BRBBASACNOR3BR00,BBAS3,1620664776483333,30.45,30.44,30.43,30.46,30.47,30.48,15000,23000,16000,100,7600,9500,30.46
842,1726,BRBBASACNOR3BR00,BBAS3,1620664776910629,30.45,30.44,30.43,30.47,30.48,30.49,15000,23000,16000,7700,9500,15800,30.46
843,1726,BRBBASACNOR3BR00,BBAS3,1620664776911923,30.45,30.44,30.43,30.47,30.48,30.49,15000,23000,16000,6200,9500,15800,30.46
844,1726,BRBBASACNOR3BR00,BBAS3,1620664777263138,30.45,30.44,30.43,30.46,30.47,30.48,14900,23900,16000,1100,5100,9500,30.45
845,1726,BRBBASACNOR3BR00,BBAS3,1620664777264266,30.45,30.44,30.43,30.46,30.47,30.48,14900,23900,16000,1200,5000,9500,30.45
846,1726,BRBBASACNOR3BR00,BBAS3,1620664780919328,30.45,30.44,30.43,30.47,30.48,30.49,17300,22900,16000,4800,9500,15800,30.46
847,1726,BRBBASACNOR3BR00,BBAS3,1620664780919605,30.45,30.44,30.43,30.47,30.48,30.49,17300,22900,16000,4800,9500,15800,30.46
