,MappingNumber,EsteeID,Ticker, CurrTimeInMicroSeconds, BP1, BP2, BP3, AP1, AP2, AP3, BQ1, BQ2, BQ3, AQ1, AQ2, AQ3, LTP
0,129,BRAALRACNOR6BR00,AALR3,1622046629028511,10.78,10.77,10.76,10.79,10.8,10.81,400,4100,1100,1100,2000,2700,10.78
1,129,BRAALRACNOR6BR00,AALR3,1622046629029686,10.78,10.77,10.76,10.79,10.8,10.81,500,4100,1100,1100,2000,2700,10.78
2,129,BRAALRACNOR6BR00,AALR3,1622046636261535,10.76,10.75,10.74,10.79,10.8,10.81,800,3900,2000,1100,2400,2300,10.76
3,129,BRAALRACNOR6BR00,AALR3,1622046636261714,10.76,10.75,10.74,10.79,10.8,10.81,800,3900,2000,1100,2400,2300,10.76
4,129,BRAALRACNOR6BR00,AALR3,1622046636262262,10.76,10.75,10.74,10.79,10.8,10.81,400,3900,2000,1100,2400,2300,10.76
5,129,BRAALRACNOR6BR00,AALR3,1622046636263568,10.76,10.75,10.74,10.78,10.79,10.8,100,3700,1500,1000,2000,2500,10.76
6,129,BRAALRACNOR6BR00,AALR3,1622046636263917,10.76,10.75,10.74,10.78,10.79,10.8,100,3700,1500,1300,2000,2500,10.76
7,129,BRAALRACNOR6BR00,AALR3,1622046636265127,10.76,10.75,10.74,10.78,10.79,10.8,700,3800,1500,1300,1600,2500,10.76
8,129,BRAALRACNOR6BR00,AALR3,1622046636266575,10.76,10.75,10.74,10.78,10.79,10.8,1700,3800,1500,1300,1600,2500,10.76
9,129,BRAALRACNOR6BR00,AALR3,1622046636267860,10.76,10.75,10.74,10.78,10.79,10.8,1800,3300,1500,1300,1200,2500,10.76
10,129,BRAALRACNOR6BR00,AALR3,1622046637098909,10.75,10.74,10.73,10.78,10.79,10.8,4000,1500,600,900,2100,2500,10.76
11,129,BRAALRACNOR6BR00,AALR3,1622046637099222,10.75,10.74,10.73,10.78,10.79,10.8,4000,1500,600,900,2100,2500,10.76
12,129,BRAALRACNOR6BR00,AALR3,1622046637099647,10.75,10.74,10.73,10.78,10.79,10.8,3400,1500,600,900,2100,2500,10.76
13,129,BRAALRACNOR6BR00,AALR3,1622046637100857,10.75,10.74,10.73,10.78,10.79,10.8,3500,1500,600,1300,2100,2500,10.76
14,129,BRAALRACNOR6BR00,AALR3,1622046637101469,10.76,10.75,10.74,10.77,10.78,10.79,400,3500,1500,400,1400,2100,10.76
15,129,BRAALRACNOR6BR00,AALR3,1622046637102602,10.76,10.75,10.74,10.77,10.78,10.79,500,3300,1500,700,1800,1700,10.76
16,129,BRAALRACNOR6BR00,AALR3,1622046640719899,10.77,10.76,10.75,10.78,10.79,10.8,200,1100,2400,1800,2100,3600,10.76
17,129,BRAALRACNOR6BR00,AALR3,1622046640721272,10.77,10.76,10.75,10.78,10.79,10.8,300,1000,2400,1400,2100,3600,10.76
18,129,BRAALRACNOR6BR00,AALR3,1622046640837071,10.77,10.76,10.75,10.78,10.79,10.8,100,1000,2400,1400,2100,3600,10.77
19,129,BRAALRACNOR6BR00,AALR3,1622046640838361,10.76,10.75,10.74,10.78,10.79,10.8,1000,2400,1500,1400,2100,3600,10.77
20,129,BRAALRACNOR6BR00,AALR3,1622046640979867,10.76,10.75,10.74,10.78,10.79,10.8,1000,2400,1500,1400,2100,3600,10.77
21,129,BRAALRACNOR6BR00,AALR3,1622046640981122,10.76,10.75,10.74,10.78,10.79,10.8,1100,2400,1500,1400,2100,3600,10.77
22,129,BRAALRACNOR6BR00,AALR3,1622046671165170,10.77,10.76,10.75,10.78,10.79,10.8,400,3300,2400,800,2000,3800,10.78
23,129,BRAALRACNOR6BR00,AALR3,1622046671166491,10.77,10.76,10.75,10.78,10.79,10.8,500,3600,2000,800,1500,3800,10.78
24,129,BRAALRACNOR6BR00,AALR3,1622046680102189,10.78,10.77,10.76,10.79,10.8,10.81,500,1200,2500,1300,4200,3100,10.78
25,129,BRAALRACNOR6BR00,AALR3,1622046680103529,10.78,10.77,10.76,10.79,10.8,10.81,600,1100,3100,700,4100,3100,10.78
26,129,BRAALRACNOR6BR00,AALR3,1622046736601480,10.79,10.78,10.77,10.8,10.81,10.82,500,2200,3000,3100,1900,900,10.79
27,129,BRAALRACNOR6BR00,AALR3,1622046736602711,10.79,10.78,10.77,10.8,10.81,10.82,600,2100,3000,3100,1800,900,10.79
28,129,BRAALRACNOR6BR00,AALR3,1622046736715801,10.79,10.78,10.77,10.8,10.81,10.82,100,2100,3000,3100,1400,1300,10.79
29,129,BRAALRACNOR6BR00,AALR3,1622046736717125,10.78,10.77,10.76,10.8,10.81,10.82,2200,3000,2100,3100,1800,900,10.79
30,129,BRAALRACNOR6BR00,AALR3,1622046787983556,10.79,10.78,10.77,10.8,10.81,10.82,500,2800,2900,3400,1700,2800,10.79
31,129,BRAALRACNOR6BR00,AALR3,1622046787984846,10.79,10.78,10.77,10.8,10.81,10.82,600,2700,2900,3400,1700,2800,10.79
32,129,BRAALRACNOR6BR00,AALR3,1622046799028399,10.79,10.78,10.77,10.8,10.81,10.82,800,1700,2500,3100,1200,3200,10.79
33,129,BRAALRACNOR6BR00,AALR3,1622046799028842,10.79,10.78,10.77,10.8,10.81,10.82,800,1300,2500,3100,1200,3200,10.79
34,129,BRAALRACNOR6BR00,AALR3,1622046799030054,10.79,10.78,10.77,10.8,10.81,10.82,900,1300,2300,3500,1600,2800,10.79
35,129,BRAALRACNOR6BR00,AALR3,1622046815054000,10.78,10.77,10.76,10.79,10.8,10.81,700,2900,4000,1300,2500,1800,10.79
36,129,BRAALRACNOR6BR00,AALR3,1622046815054201,10.78,10.77,10.76,10.79,10.8,10.81,700,2900,4000,1300,2500,1800,10.79
37,129,BRAALRACNOR6BR00,AALR3,1622046815054775,10.78,10.77,10.76,10.79,10.8,10.81,700,2500,4000,1300,2500,1800,10.79
38,129,BRAALRACNOR6BR00,AALR3,1622046815056066,10.78,10.77,10.76,10.79,10.8,10.81,800,1100,4400,1300,3500,1400,10.79
39,129,BRAALRACNOR6BR00,AALR3,1622046815208573,10.78,10.77,10.76,10.79,10.8,10.81,100,1100,4400,1300,3700,1400,10.79
40,129,BRAALRACNOR6BR00,AALR3,1622046815209846,10.77,10.76,10.75,10.79,10.8,10.81,1200,4400,2100,1300,3700,1400,10.79
41,129,BRAALRACNOR6BR00,AALR3,1622046817722501,10.78,10.77,10.76,10.79,10.8,10.81,500,1400,2500,1500,4500,1400,10.79
42,129,BRAALRACNOR6BR00,AALR3,1622046817723725,10.78,10.77,10.76,10.79,10.8,10.81,600,1300,2500,1500,4500,1400,10.79
43,129,BRAALRACNOR6BR00,AALR3,1622046842709165,10.78,10.77,10.76,10.8,10.81,10.82,1300,3300,2100,2600,1300,2800,10.79
44,129,BRAALRACNOR6BR00,AALR3,1622046842710510,10.79,10.78,10.77,10.8,10.81,10.82,100,1600,4200,2600,1700,2800,10.79
45,129,BRAALRACNOR6BR00,AALR3,1622046959185663,10.79,10.78,10.77,10.8,10.81,10.82,400,2000,3800,3000,1200,1300,10.79
46,129,BRAALRACNOR6BR00,AALR3,1622046959186162,10.79,10.78,10.77,10.8,10.81,10.82,400,1600,3800,3000,1200,1300,10.79
47,129,BRAALRACNOR6BR00,AALR3,1622046959187398,10.79,10.78,10.77,10.8,10.81,10.82,500,1600,4200,3400,1600,900,10.79
48,129,BRAALRACNOR6BR00,AALR3,1622046959446437,10.78,10.77,10.76,10.8,10.81,10.82,1100,4200,4000,2500,1600,900,10.79
49,129,BRAALRACNOR6BR00,AALR3,1622046960545198,10.78,10.77,10.76,10.8,10.81,10.82,1400,4200,4000,2500,1600,900,10.79
50,129,BRAALRACNOR6BR00,AALR3,1622046960546360,10.79,10.78,10.77,10.8,10.81,10.82,100,1800,4200,2500,1600,900,10.79
51,129,BRAALRACNOR6BR00,AALR3,1622046964093553,10.79,10.78,10.77,10.8,10.81,10.82,100,1400,4200,2500,1700,900,10.79
52,129,BRAALRACNOR6BR00,AALR3,1622046964094069,10.79,10.78,10.77,10.8,10.81,10.82,100,1400,3600,2500,1700,900,10.79
53,129,BRAALRACNOR6BR00,AALR3,1622046964095221,10.79,10.78,10.77,10.8,10.81,10.82,200,1400,3600,2900,1700,900,10.79
54,129,BRAALRACNOR6BR00,AALR3,1622047072628193,10.79,10.78,10.77,10.8,10.81,10.82,1800,1000,4200,3000,1700,1000,10.79
55,129,BRAALRACNOR6BR00,AALR3,1622047074028190,10.79,10.78,10.77,10.8,10.81,10.82,800,1000,4200,3000,1700,1000,10.79
56,129,BRAALRACNOR6BR00,AALR3,1622047074029394,10.79,10.78,10.77,10.8,10.81,10.82,900,1000,3600,3400,1700,1000,10.79
57,129,BRAALRACNOR6BR00,AALR3,1622047152986530,10.79,10.78,10.77,10.81,10.82,10.83,2600,1500,3800,1800,1100,4000,10.8
58,129,BRAALRACNOR6BR00,AALR3,1622047152987896,10.8,10.79,10.78,10.81,10.82,10.83,500,2900,2500,1200,1100,4000,10.8
59,129,BRAALRACNOR6BR00,AALR3,1622047153145176,10.8,10.79,10.78,10.81,10.82,10.83,200,2100,2000,1100,1000,4400,10.8
60,129,BRAALRACNOR6BR00,AALR3,1622047153145860,10.8,10.79,10.78,10.81,10.82,10.83,200,1700,2000,1100,1000,4400,10.8
61,129,BRAALRACNOR6BR00,AALR3,1622047153147014,10.8,10.79,10.78,10.81,10.82,10.83,300,1600,2000,1100,1400,4000,10.8
62,129,BRAALRACNOR6BR00,AALR3,1622047184131892,10.8,10.79,10.78,10.82,10.83,10.84,1200,500,2300,1000,2600,3300,10.81
63,129,BRAALRACNOR6BR00,AALR3,1622047184133355,10.81,10.8,10.79,10.82,10.83,10.84,100,1100,1100,1000,2600,3300,10.81
64,129,BRAALRACNOR6BR00,AALR3,1622047184245537,10.8,10.79,10.78,10.82,10.83,10.84,1100,1100,2300,900,2600,3400,10.81
65,129,BRAALRACNOR6BR00,AALR3,1622047184246156,10.8,10.79,10.78,10.82,10.83,10.84,1100,1100,2300,1000,2600,3300,10.81
66,129,BRAALRACNOR6BR00,AALR3,1622047184247315,10.81,10.8,10.79,10.82,10.83,10.84,100,1100,1100,1000,2600,3300,10.81
67,129,BRAALRACNOR6BR00,AALR3,1622047184290860,10.8,10.79,10.78,10.82,10.83,10.84,600,1100,2300,1200,2600,3400,10.81
68,129,BRAALRACNOR6BR00,AALR3,1622047184291346,10.8,10.79,10.78,10.82,10.83,10.84,600,500,2300,1200,2600,3400,10.81
69,129,BRAALRACNOR6BR00,AALR3,1622047184292537,10.81,10.8,10.79,10.82,10.83,10.84,100,600,500,1300,2600,3300,10.81
70,129,BRAALRACNOR6BR00,AALR3,1622047184293859,10.8,10.79,10.78,10.82,10.83,10.84,600,500,2300,1600,2600,3400,10.81
71,129,BRAALRACNOR6BR00,AALR3,1622047185005851,10.8,10.79,10.78,10.82,10.83,10.84,600,500,2300,1700,2600,3400,10.81
72,129,BRAALRACNOR6BR00,AALR3,1622047185007136,10.81,10.8,10.79,10.82,10.83,10.84,100,600,500,1800,2600,3300,10.81
73,129,BRAALRACNOR6BR00,AALR3,1622047234135738,10.81,10.8,10.79,10.82,10.83,10.84,1800,6000,700,1000,1400,1900,10.81
74,129,BRAALRACNOR6BR00,AALR3,1622047234136292,10.81,10.8,10.79,10.82,10.83,10.84,1800,5400,700,1000,1400,1900,10.81
75,129,BRAALRACNOR6BR00,AALR3,1622047234137411,10.81,10.8,10.79,10.82,10.83,10.84,1900,5400,700,1000,1400,1900,10.81
76,129,BRAALRACNOR6BR00,AALR3,1622047242679241,10.81,10.8,10.79,10.83,10.84,10.85,1800,6000,700,1400,1900,2900,10.82
77,129,BRAALRACNOR6BR00,AALR3,1622047242680637,10.82,10.81,10.8,10.83,10.84,10.85,100,2100,6000,800,1900,2900,10.82
78,129,BRAALRACNOR6BR00,AALR3,1622047242793400,10.81,10.8,10.79,10.83,10.84,10.85,2200,5500,700,1200,1500,3300,10.82
79,129,BRAALRACNOR6BR00,AALR3,1622047242793753,10.81,10.8,10.79,10.83,10.84,10.85,1800,5500,700,1200,1500,3300,10.82
80,129,BRAALRACNOR6BR00,AALR3,1622047242794907,10.82,10.81,10.8,10.83,10.84,10.85,100,1800,5500,1200,1900,2900,10.82
81,129,BRAALRACNOR6BR00,AALR3,1622047245794649,10.81,10.8,10.79,10.83,10.84,10.85,1000,5900,700,1400,1900,2900,10.82
82,129,BRAALRACNOR6BR00,AALR3,1622047245944766,10.81,10.8,10.79,10.83,10.84,10.85,1000,5900,700,1600,1900,2900,10.82
83,129,BRAALRACNOR6BR00,AALR3,1622047245946099,10.82,10.81,10.8,10.83,10.84,10.85,100,1000,5900,1600,1900,2900,10.82
84,129,BRAALRACNOR6BR00,AALR3,1622047256128929,10.82,10.81,10.8,10.83,10.84,10.85,300,900,5900,1500,1800,2900,10.82
85,129,BRAALRACNOR6BR00,AALR3,1622047256297147,10.82,10.81,10.8,10.83,10.84,10.85,500,900,5900,1500,1800,2900,10.82
86,129,BRAALRACNOR6BR00,AALR3,1622047256298868,10.82,10.81,10.8,10.83,10.84,10.85,600,900,5900,1500,1800,2900,10.82
87,129,BRAALRACNOR6BR00,AALR3,1622047294036057,10.82,10.81,10.8,10.83,10.84,10.85,600,100,5900,1800,1800,2900,10.82
88,129,BRAALRACNOR6BR00,AALR3,1622047294036650,10.82,10.81,10.8,10.83,10.84,10.85,600,100,5300,1800,1800,2900,10.82
89,129,BRAALRACNOR6BR00,AALR3,1622047294038108,10.82,10.81,10.8,10.83,10.84,10.85,100,100,5300,1800,1800,2900,10.82
90,129,BRAALRACNOR6BR00,AALR3,1622047294039087,10.81,10.8,10.79,10.82,10.83,10.84,100,5300,2600,300,1800,1800,10.82
91,129,BRAALRACNOR6BR00,AALR3,1622047294039269,10.8,10.79,10.78,10.82,10.83,10.84,5300,2600,2300,900,1800,1800,10.82
92,129,BRAALRACNOR6BR00,AALR3,1622047294039902,10.8,10.79,10.78,10.82,10.83,10.84,4900,2600,2300,900,1800,1800,10.82
93,129,BRAALRACNOR6BR00,AALR3,1622047294041098,10.81,10.8,10.79,10.82,10.83,10.84,100,4500,3000,300,2200,1400,10.82
94,129,BRAALRACNOR6BR00,AALR3,1622047294183806,10.8,10.79,10.78,10.82,10.83,10.84,4500,2600,2300,600,1800,1800,10.81
95,129,BRAALRACNOR6BR00,AALR3,1622047294184219,10.8,10.79,10.78,10.82,10.83,10.84,4100,2600,2300,600,1800,1800,10.81
96,129,BRAALRACNOR6BR00,AALR3,1622047294185426,10.81,10.8,10.79,10.82,10.83,10.84,100,4100,3000,1000,2400,1400,10.81
97,129,BRAALRACNOR6BR00,AALR3,1622047294264241,10.81,10.8,10.79,10.83,10.84,10.85,700,4500,2600,2000,1800,2900,10.81
98,129,BRAALRACNOR6BR00,AALR3,1622047294265559,10.82,10.81,10.8,10.83,10.84,10.85,100,700,4900,2000,1800,2900,10.81
99,129,BRAALRACNOR6BR00,AALR3,1622047294266599,10.81,10.8,10.79,10.83,10.84,10.85,700,4900,2600,2000,1800,2900,10.82
100,129,BRAALRACNOR6BR00,AALR3,1622047294363927,10.81,10.8,10.79,10.83,10.84,10.85,600,4900,2600,2000,1800,2900,10.81
101,129,BRAALRACNOR6BR00,AALR3,1622047294365112,10.82,10.81,10.8,10.83,10.84,10.85,100,600,4900,2000,1800,2900,10.81
102,129,BRAALRACNOR6BR00,AALR3,1622047297168671,10.81,10.8,10.79,10.83,10.84,10.85,600,5500,2600,1700,1800,2900,10.82
103,129,BRAALRACNOR6BR00,AALR3,1622047297250016,10.81,10.8,10.79,10.83,10.84,10.85,1000,5500,2600,1700,1800,2900,10.82
104,129,BRAALRACNOR6BR00,AALR3,1622047297251254,10.82,10.81,10.8,10.83,10.84,10.85,100,1000,5500,1700,1800,2900,10.82
105,129,BRAALRACNOR6BR00,AALR3,1622047298350582,10.8,10.79,10.78,10.83,10.84,10.85,5300,2600,2300,1700,1800,2900,10.8
106,129,BRAALRACNOR6BR00,AALR3,1622047298350799,10.8,10.79,10.78,10.83,10.84,10.85,5300,2600,2300,1700,1800,2900,10.8
107,129,BRAALRACNOR6BR00,AALR3,1622047298351326,10.8,10.79,10.78,10.83,10.84,10.85,4700,2600,2300,1700,1800,2900,10.8
108,129,BRAALRACNOR6BR00,AALR3,1622047298352523,10.81,10.8,10.79,10.82,10.83,10.84,100,3800,2600,400,1700,1800,10.8
109,129,BRAALRACNOR6BR00,AALR3,1622047299516625,10.81,10.8,10.79,10.82,10.83,10.84,100,3800,3000,1300,1800,1400,10.81
110,129,BRAALRACNOR6BR00,AALR3,1622047301153270,10.81,10.8,10.79,10.82,10.83,10.84,100,3800,3000,1300,1600,1400,10.81
111,129,BRAALRACNOR6BR00,AALR3,1622047301154609,10.81,10.8,10.79,10.82,10.83,10.84,200,3800,3000,1400,1600,1400,10.81
112,129,BRAALRACNOR6BR00,AALR3,1622047325965431,10.81,10.8,10.79,10.82,10.83,10.84,100,4300,700,600,1000,1800,10.81
113,129,BRAALRACNOR6BR00,AALR3,1622047325965881,10.81,10.8,10.79,10.82,10.83,10.84,100,3900,700,600,1000,1800,10.81
114,129,BRAALRACNOR6BR00,AALR3,1622047325967134,10.81,10.8,10.79,10.82,10.83,10.84,200,3800,1100,1000,1700,1400,10.81
115,129,BRAALRACNOR6BR00,AALR3,1622047386997959,10.81,10.8,10.79,10.82,10.83,10.84,2900,1300,700,1000,1100,1800,10.82
116,129,BRAALRACNOR6BR00,AALR3,1622047386999376,10.81,10.8,10.79,10.82,10.83,10.84,2800,1300,700,900,1100,1800,10.82
117,129,BRAALRACNOR6BR00,AALR3,1622047386999559,10.81,10.8,10.79,10.82,10.83,10.84,2800,1300,700,900,1100,1800,10.82
118,129,BRAALRACNOR6BR00,AALR3,1622047387000620,10.81,10.8,10.79,10.83,10.84,10.85,2800,1300,700,1100,1800,2900,10.82
119,129,BRAALRACNOR6BR00,AALR3,1622047387001935,10.82,10.81,10.8,10.83,10.84,10.85,500,2800,1900,1100,1800,2900,10.82
120,129,BRAALRACNOR6BR00,AALR3,1622047387002418,10.82,10.81,10.8,10.83,10.84,10.85,500,2800,1900,1100,1400,2900,10.82
121,129,BRAALRACNOR6BR00,AALR3,1622047387003785,10.82,10.81,10.8,10.83,10.84,10.85,400,3200,1500,1000,1400,3300,10.83
122,129,BRAALRACNOR6BR00,AALR3,1622047387003979,10.82,10.81,10.8,10.83,10.84,10.85,400,3200,1500,1000,1400,3300,10.83
123,129,BRAALRACNOR6BR00,AALR3,1622047387004307,10.82,10.81,10.8,10.83,10.84,10.85,400,3200,1500,400,1400,3300,10.83
124,129,BRAALRACNOR6BR00,AALR3,1622047387005692,10.82,10.81,10.8,10.83,10.84,10.85,400,3200,1500,300,1400,3300,10.83
125,129,BRAALRACNOR6BR00,AALR3,1622047387005854,10.82,10.81,10.8,10.83,10.84,10.85,400,3200,1500,300,1400,3300,10.83
126,129,BRAALRACNOR6BR00,AALR3,1622047387164151,10.82,10.81,10.8,10.83,10.84,10.85,600,3200,1500,300,1400,3300,10.83
127,129,BRAALRACNOR6BR00,AALR3,1622047387165438,10.82,10.81,10.8,10.83,10.84,10.85,600,3200,1500,200,1400,3300,10.83
128,129,BRAALRACNOR6BR00,AALR3,1622047387165543,10.82,10.81,10.8,10.83,10.84,10.85,600,3200,1500,200,1400,3300,10.83
129,129,BRAALRACNOR6BR00,AALR3,1622047387166222,10.82,10.81,10.8,10.83,10.84,10.85,600,2400,1500,200,1400,3300,10.83
130,129,BRAALRACNOR6BR00,AALR3,1622047387167507,10.82,10.81,10.8,10.83,10.84,10.85,600,2400,1500,100,1400,3300,10.83
131,129,BRAALRACNOR6BR00,AALR3,1622047387167626,10.82,10.81,10.8,10.83,10.84,10.85,600,2400,1500,100,1400,3300,10.83
132,129,BRAALRACNOR6BR00,AALR3,1622047387245469,10.82,10.81,10.8,10.83,10.84,10.85,700,2300,1500,100,1400,3300,10.83
133,129,BRAALRACNOR6BR00,AALR3,1622047387246760,10.82,10.81,10.8,10.84,10.85,10.86,700,2300,1500,1400,3300,1900,10.83
134,129,BRAALRACNOR6BR00,AALR3,1622047387246913,10.82,10.81,10.8,10.84,10.85,10.86,700,2300,1500,1400,3300,1900,10.83
135,129,BRAALRACNOR6BR00,AALR3,1622047387247482,10.82,10.81,10.8,10.84,10.85,10.86,700,2900,1500,1400,3300,1900,10.83
136,129,BRAALRACNOR6BR00,AALR3,1622047387248568,10.83,10.82,10.81,10.84,10.85,10.86,100,700,2900,1400,3300,1900,10.83
137,129,BRAALRACNOR6BR00,AALR3,1622047388292396,10.83,10.82,10.81,10.84,10.85,10.86,200,1900,2400,100,1000,1900,10.83
138,129,BRAALRACNOR6BR00,AALR3,1622047388293919,10.83,10.82,10.81,10.85,10.86,10.87,500,1900,2400,1000,2300,800,10.84
139,129,BRAALRACNOR6BR00,AALR3,1622047388294071,10.83,10.82,10.81,10.85,10.86,10.87,500,1900,2400,1000,2300,800,10.84
140,129,BRAALRACNOR6BR00,AALR3,1622047388294438,10.83,10.82,10.81,10.85,10.86,10.87,500,1900,2400,400,2300,800,10.84
141,129,BRAALRACNOR6BR00,AALR3,1622047388296072,10.84,10.83,10.82,10.85,10.86,10.87,100,500,2500,400,2300,800,10.84
142,129,BRAALRACNOR6BR00,AALR3,1622047388297577,10.84,10.83,10.82,10.86,10.87,10.88,500,500,2100,1000,800,1000,10.84
143,129,BRAALRACNOR6BR00,AALR3,1622047388298829,10.85,10.84,10.83,10.87,10.88,10.89,100,400,1100,800,1000,1600,10.84
144,129,BRAALRACNOR6BR00,AALR3,1622047388299981,10.84,10.83,10.82,10.87,10.88,10.89,1400,700,2100,200,1000,1600,10.85
145,129,BRAALRACNOR6BR00,AALR3,1622047388300036,10.84,10.83,10.82,10.88,10.89,10.9,1400,700,2100,1000,1600,3200,10.85
146,129,BRAALRACNOR6BR00,AALR3,1622047388301196,10.85,10.84,10.83,10.88,10.89,10.9,100,1400,2000,1400,1600,3200,10.85
147,129,BRAALRACNOR6BR00,AALR3,1622047388306194,10.84,10.83,10.82,10.86,10.87,10.88,400,2000,2100,400,1600,1000,10.85
148,129,BRAALRACNOR6BR00,AALR3,1622047388306920,10.84,10.83,10.82,10.86,10.87,10.88,400,2000,2100,800,1600,1000,10.85
149,129,BRAALRACNOR6BR00,AALR3,1622047388308072,10.85,10.84,10.83,10.86,10.87,10.88,100,400,2400,800,1800,1000,10.85
150,129,BRAALRACNOR6BR00,AALR3,1622047388308397,10.85,10.83,10.82,10.86,10.87,10.88,100,2400,2100,800,1400,1000,10.85
151,129,BRAALRACNOR6BR00,AALR3,1622047388309140,10.83,10.82,10.81,10.86,10.87,10.88,2400,2100,2400,400,1400,1000,10.85
152,129,BRAALRACNOR6BR00,AALR3,1622047388309232,10.83,10.82,10.81,10.86,10.87,10.88,2000,2100,2400,400,1400,1000,10.85
153,129,BRAALRACNOR6BR00,AALR3,1622047388310600,10.84,10.83,10.82,10.86,10.87,10.88,500,2400,2100,800,1400,1400,10.85
154,129,BRAALRACNOR6BR00,AALR3,1622047388319827,10.84,10.83,10.82,10.86,10.87,10.88,500,2000,2100,800,1400,1400,10.85
155,129,BRAALRACNOR6BR00,AALR3,1622047388320991,10.85,10.84,10.83,10.86,10.87,10.88,100,400,2000,800,1400,1400,10.85
156,129,BRAALRACNOR6BR00,AALR3,1622047388321405,10.85,10.83,10.82,10.86,10.87,10.88,100,2000,2100,800,1400,1400,10.85
157,129,BRAALRACNOR6BR00,AALR3,1622047388322582,10.83,10.82,10.81,10.86,10.87,10.88,2000,2100,2400,800,1400,1400,10.85
158,129,BRAALRACNOR6BR00,AALR3,1622047388323166,10.84,10.83,10.82,10.86,10.87,10.88,400,2000,2100,800,1400,1400,10.85
159,129,BRAALRACNOR6BR00,AALR3,1622047388324385,10.85,10.84,10.83,10.86,10.87,10.88,100,400,2000,800,1400,1400,10.85
160,129,BRAALRACNOR6BR00,AALR3,1622047388393266,10.85,10.83,10.82,10.86,10.87,10.88,100,2000,2100,800,1400,1400,10.85
161,129,BRAALRACNOR6BR00,AALR3,1622047388394516,10.84,10.83,10.82,10.86,10.87,10.88,100,2000,2100,400,1400,1400,10.85
162,129,BRAALRACNOR6BR00,AALR3,1622047388395137,10.84,10.83,10.82,10.86,10.87,10.88,500,2000,2100,400,1400,1400,10.85
163,129,BRAALRACNOR6BR00,AALR3,1622047388396302,10.85,10.84,10.83,10.86,10.87,10.88,100,400,2000,400,1400,1400,10.85
164,129,BRAALRACNOR6BR00,AALR3,1622047388401550,10.85,10.83,10.82,10.86,10.87,10.88,100,2000,2100,400,1400,1400,10.85
165,129,BRAALRACNOR6BR00,AALR3,1622047388402652,10.84,10.83,10.82,10.86,10.87,10.88,100,2000,2100,400,1400,1400,10.85
166,129,BRAALRACNOR6BR00,AALR3,1622047388834980,10.84,10.83,10.82,10.86,10.87,10.88,200,2000,2100,400,1400,1400,10.85
167,129,BRAALRACNOR6BR00,AALR3,1622047388836300,10.85,10.84,10.83,10.86,10.87,10.88,100,100,2000,400,1800,1400,10.85
168,129,BRAALRACNOR6BR00,AALR3,1622047389580017,10.85,10.84,10.83,10.87,10.88,10.89,300,100,1900,1800,1400,3500,10.85
169,129,BRAALRACNOR6BR00,AALR3,1622047389581585,10.86,10.85,10.84,10.87,10.88,10.89,100,200,100,1800,1400,3500,10.85
170,129,BRAALRACNOR6BR00,AALR3,1622047389582573,10.85,10.84,10.83,10.87,10.88,10.89,200,500,1500,1400,1400,3500,10.86
171,129,BRAALRACNOR6BR00,AALR3,1622047389583203,10.85,10.84,10.83,10.87,10.88,10.89,200,100,1500,1400,1400,3500,10.86
172,129,BRAALRACNOR6BR00,AALR3,1622047389584453,10.86,10.85,10.84,10.87,10.88,10.89,100,200,100,1400,1800,3500,10.86
173,129,BRAALRACNOR6BR00,AALR3,1622047389585459,10.85,10.84,10.83,10.87,10.88,10.89,200,100,1900,1400,1800,3500,10.86
174,129,BRAALRACNOR6BR00,AALR3,1622047389585538,10.85,10.84,10.83,10.87,10.88,10.89,200,500,1500,1400,1800,3500,10.86
175,129,BRAALRACNOR6BR00,AALR3,1622047389586732,10.86,10.85,10.84,10.87,10.88,10.89,100,200,100,1800,1800,3500,10.86
176,129,BRAALRACNOR6BR00,AALR3,1622047389587501,10.85,10.84,10.83,10.86,10.87,10.88,200,100,1500,500,1800,1400,10.86
177,129,BRAALRACNOR6BR00,AALR3,1622047389587688,10.85,10.84,10.83,10.86,10.87,10.88,200,100,1500,500,1800,1400,10.86
178,129,BRAALRACNOR6BR00,AALR3,1622047389598500,10.85,10.84,10.83,10.87,10.88,10.89,200,100,1500,1800,1400,3500,10.86
179,129,BRAALRACNOR6BR00,AALR3,1622047389599660,10.86,10.85,10.84,10.87,10.88,10.89,100,200,100,1800,1400,3500,10.86
180,129,BRAALRACNOR6BR00,AALR3,1622047389600660,10.85,10.84,10.83,10.87,10.88,10.89,200,100,1500,1400,1400,3500,10.86
181,129,BRAALRACNOR6BR00,AALR3,1622047389621827,10.85,10.84,10.83,10.87,10.88,10.89,200,100,1900,1400,1400,3500,10.86
182,129,BRAALRACNOR6BR00,AALR3,1622047389622983,10.86,10.85,10.84,10.87,10.88,10.89,100,200,100,1400,1400,3500,10.86
183,129,BRAALRACNOR6BR00,AALR3,1622047389725993,10.85,10.84,10.83,10.87,10.88,10.89,200,500,1900,1700,1800,3500,10.86
184,129,BRAALRACNOR6BR00,AALR3,1622047389726309,10.85,10.84,10.83,10.87,10.88,10.89,200,100,1900,1700,1800,3500,10.86
185,129,BRAALRACNOR6BR00,AALR3,1622047389727850,10.85,10.84,10.83,10.86,10.87,10.88,200,100,1500,800,2100,1400,10.86
186,129,BRAALRACNOR6BR00,AALR3,1622047389728043,10.85,10.84,10.83,10.86,10.87,10.88,200,100,1500,800,2100,1400,10.86
187,129,BRAALRACNOR6BR00,AALR3,1622047389728205,10.85,10.84,10.83,10.86,10.87,10.88,200,100,1500,300,2100,1400,10.86
188,129,BRAALRACNOR6BR00,AALR3,1622047389729326,10.85,10.84,10.83,10.86,10.87,10.88,300,100,1500,700,2100,1400,10.86
189,129,BRAALRACNOR6BR00,AALR3,1622047389877111,10.85,10.84,10.83,10.87,10.88,10.89,300,100,1900,2100,1400,3500,10.86
190,129,BRAALRACNOR6BR00,AALR3,1622047389878518,10.86,10.85,10.84,10.87,10.88,10.89,100,200,100,2100,1400,3500,10.86
191,129,BRAALRACNOR6BR00,AALR3,1622047391686457,10.85,10.84,10.83,10.87,10.88,10.89,100,500,1900,1700,1800,3500,10.86
192,129,BRAALRACNOR6BR00,AALR3,1622047391692657,10.85,10.84,10.83,10.86,10.87,10.88,100,500,1900,600,1700,1800,10.86
193,129,BRAALRACNOR6BR00,AALR3,1622047391693904,10.85,10.84,10.83,10.86,10.87,10.88,200,100,1500,200,2100,1400,10.86
194,129,BRAALRACNOR6BR00,AALR3,1622047391829471,10.85,10.83,10.82,10.87,10.88,10.89,300,2300,3000,1700,1800,3500,10.86
195,129,BRAALRACNOR6BR00,AALR3,1622047391830788,10.86,10.85,10.84,10.87,10.88,10.89,100,200,800,1700,1800,3500,10.86
196,129,BRAALRACNOR6BR00,AALR3,1622047393843926,10.85,10.84,10.83,10.87,10.88,10.89,200,400,1900,1700,1800,3500,10.86
197,129,BRAALRACNOR6BR00,AALR3,1622047394206060,10.85,10.84,10.83,10.87,10.88,10.89,300,400,1900,1700,1800,3500,10.86
198,129,BRAALRACNOR6BR00,AALR3,1622047394207275,10.86,10.85,10.84,10.87,10.88,10.89,100,300,400,1700,1800,3500,10.86
199,129,BRAALRACNOR6BR00,AALR3,1622047408221200,10.86,10.84,10.83,10.87,10.88,10.89,600,1000,1900,2700,1800,3500,10.86
200,129,BRAALRACNOR6BR00,AALR3,1622047408222637,10.86,10.84,10.83,10.87,10.88,10.89,500,1000,1900,2600,1800,3500,10.87
201,129,BRAALRACNOR6BR00,AALR3,1622047408222811,10.86,10.84,10.83,10.87,10.88,10.89,500,1000,1900,2600,1800,3500,10.87
202,129,BRAALRACNOR6BR00,AALR3,1622047408359169,10.86,10.84,10.83,10.87,10.88,10.89,500,1000,1900,2600,1800,1600,10.87
203,129,BRAALRACNOR6BR00,AALR3,1622047408360556,10.86,10.84,10.83,10.87,10.88,10.89,500,1000,1900,2500,1800,1600,10.87
204,129,BRAALRACNOR6BR00,AALR3,1622047408360701,10.86,10.84,10.83,10.87,10.88,10.89,500,1000,1900,2500,1800,1600,10.87
205,129,BRAALRACNOR6BR00,AALR3,1622047409637094,10.86,10.84,10.83,10.87,10.88,10.89,500,1000,1900,2500,1800,1600,10.87
206,129,BRAALRACNOR6BR00,AALR3,1622047409638446,10.86,10.84,10.83,10.87,10.88,10.89,500,1000,1900,2400,1800,1600,10.87
207,129,BRAALRACNOR6BR00,AALR3,1622047409638592,10.86,10.84,10.83,10.87,10.88,10.89,500,1000,1900,2400,1800,1600,10.87
208,129,BRAALRACNOR6BR00,AALR3,1622047409638882,10.86,10.84,10.83,10.87,10.88,10.89,500,1000,1900,2400,1400,1600,10.87
209,129,BRAALRACNOR6BR00,AALR3,1622047409640199,10.86,10.85,10.84,10.87,10.88,10.89,500,400,600,2300,1400,1600,10.87
210,129,BRAALRACNOR6BR00,AALR3,1622047409640404,10.86,10.85,10.84,10.87,10.88,10.89,500,400,600,2300,1400,1600,10.87
211,129,BRAALRACNOR6BR00,AALR3,1622047409640814,10.86,10.85,10.84,10.87,10.88,10.89,500,400,600,2300,1400,2000,10.87
212,129,BRAALRACNOR6BR00,AALR3,1622047409642053,10.86,10.85,10.84,10.87,10.88,10.89,500,400,600,2200,1400,2000,10.87
213,129,BRAALRACNOR6BR00,AALR3,1622047409642204,10.86,10.85,10.84,10.87,10.88,10.89,500,400,600,2200,1400,2000,10.87
214,129,BRAALRACNOR6BR00,AALR3,1622047423023661,10.86,10.85,10.84,10.87,10.88,10.89,500,400,600,2200,1000,2000,10.87
215,129,BRAALRACNOR6BR00,AALR3,1622047423027853,10.86,10.85,10.84,10.87,10.88,10.89,500,400,600,2200,1000,1600,10.87
216,129,BRAALRACNOR6BR00,AALR3,1622047423028018,10.86,10.85,10.84,10.87,10.88,10.89,500,400,600,2200,1000,1600,10.87
217,129,BRAALRACNOR6BR00,AALR3,1622047423028054,10.86,10.85,10.84,10.87,10.88,10.89,500,400,600,2100,1000,1600,10.87
218,129,BRAALRACNOR6BR00,AALR3,1622047423030475,10.86,10.85,10.84,10.87,10.88,10.89,500,400,600,2100,1000,1600,10.87
219,129,BRAALRACNOR6BR00,AALR3,1622047423030728,10.86,10.85,10.84,10.87,10.88,10.89,500,400,600,1700,1000,1600,10.87
220,129,BRAALRACNOR6BR00,AALR3,1622047423030840,10.86,10.85,10.84,10.87,10.88,10.89,500,400,600,1300,1000,1600,10.87
221,129,BRAALRACNOR6BR00,AALR3,1622047423032641,10.86,10.85,10.84,10.87,10.88,10.89,500,1000,600,1100,400,1600,10.87
222,129,BRAALRACNOR6BR00,AALR3,1622047423032816,10.86,10.85,10.84,10.87,10.88,10.89,500,1000,600,1100,400,1600,10.87
223,129,BRAALRACNOR6BR00,AALR3,1622047423194278,10.86,10.85,10.84,10.87,10.88,10.89,500,1000,600,1100,400,1600,10.87
224,129,BRAALRACNOR6BR00,AALR3,1622047423195783,10.86,10.85,10.84,10.87,10.88,10.89,500,1000,600,1000,400,1600,10.87
225,129,BRAALRACNOR6BR00,AALR3,1622047423195937,10.86,10.85,10.84,10.87,10.88,10.89,500,1000,600,1000,400,1600,10.87
226,129,BRAALRACNOR6BR00,AALR3,1622047423354957,10.86,10.85,10.84,10.87,10.88,10.89,500,1000,600,1100,400,1600,10.87
227,129,BRAALRACNOR6BR00,AALR3,1622047423356431,10.86,10.85,10.84,10.87,10.88,10.89,500,1000,600,1000,1000,1600,10.87
228,129,BRAALRACNOR6BR00,AALR3,1622047423356586,10.86,10.85,10.84,10.87,10.88,10.89,500,1000,600,1000,1000,1600,10.87
229,129,BRAALRACNOR6BR00,AALR3,1622047423366623,10.86,10.85,10.84,10.87,10.88,10.89,1400,1000,600,1000,1000,1600,10.87
230,129,BRAALRACNOR6BR00,AALR3,1622047423367948,10.86,10.85,10.84,10.87,10.88,10.89,1400,1000,600,900,400,1600,10.87
231,129,BRAALRACNOR6BR00,AALR3,1622047423368112,10.86,10.85,10.84,10.87,10.88,10.89,1400,1000,600,900,400,1600,10.87
232,129,BRAALRACNOR6BR00,AALR3,1622047423719820,10.86,10.85,10.84,10.87,10.88,10.89,1400,1000,600,900,1000,1600,10.87
233,129,BRAALRACNOR6BR00,AALR3,1622047423721146,10.86,10.85,10.84,10.87,10.88,10.89,1400,1000,600,800,1000,1600,10.87
234,129,BRAALRACNOR6BR00,AALR3,1622047423721331,10.86,10.85,10.84,10.87,10.88,10.89,1400,1000,600,800,1000,1600,10.87
235,129,BRAALRACNOR6BR00,AALR3,1622047423721577,10.86,10.85,10.84,10.87,10.88,10.89,1400,1000,600,800,400,1600,10.87
236,129,BRAALRACNOR6BR00,AALR3,1622047423722846,10.86,10.85,10.84,10.87,10.88,10.89,1400,1000,600,700,400,1600,10.87
237,129,BRAALRACNOR6BR00,AALR3,1622047423723024,10.86,10.85,10.84,10.87,10.88,10.89,1400,1000,600,700,400,1600,10.87
238,129,BRAALRACNOR6BR00,AALR3,1622047426499268,10.86,10.85,10.84,10.87,10.88,10.89,1400,1000,600,700,1000,1600,10.87
239,129,BRAALRACNOR6BR00,AALR3,1622047426500735,10.86,10.85,10.84,10.87,10.88,10.89,1400,1000,600,600,1000,1600,10.87
240,129,BRAALRACNOR6BR00,AALR3,1622047426500886,10.86,10.85,10.84,10.87,10.88,10.89,1400,1000,600,600,1000,1600,10.87
241,129,BRAALRACNOR6BR00,AALR3,1622047426501212,10.86,10.85,10.84,10.87,10.88,10.89,1400,1000,600,600,400,1600,10.87
242,129,BRAALRACNOR6BR00,AALR3,1622047426502553,10.86,10.85,10.84,10.87,10.88,10.89,1400,1000,600,500,400,1600,10.87
243,129,BRAALRACNOR6BR00,AALR3,1622047426502712,10.86,10.85,10.84,10.87,10.88,10.89,1400,1000,600,500,400,1600,10.87
244,129,BRAALRACNOR6BR00,AALR3,1622047427366002,10.86,10.85,10.84,10.87,10.88,10.89,1400,1000,600,600,400,1600,10.87
245,129,BRAALRACNOR6BR00,AALR3,1622047427367383,10.86,10.85,10.84,10.87,10.88,10.89,1400,1000,600,500,1000,1600,10.87
246,129,BRAALRACNOR6BR00,AALR3,1622047427367528,10.86,10.85,10.84,10.87,10.88,10.89,1400,1000,600,500,1000,1600,10.87
247,129,BRAALRACNOR6BR00,AALR3,1622047427367933,10.86,10.85,10.84,10.87,10.88,10.89,1400,1000,600,500,400,1600,10.87
248,129,BRAALRACNOR6BR00,AALR3,1622047427369214,10.86,10.85,10.84,10.87,10.88,10.89,1400,1000,600,400,400,1600,10.87
249,129,BRAALRACNOR6BR00,AALR3,1622047427369373,10.86,10.85,10.84,10.87,10.88,10.89,1400,1000,600,400,400,1600,10.87
250,129,BRAALRACNOR6BR00,AALR3,1622047427522650,10.86,10.85,10.84,10.87,10.88,10.89,1200,1000,600,400,400,1600,10.87
251,129,BRAALRACNOR6BR00,AALR3,1622047427524015,10.86,10.85,10.84,10.87,10.88,10.89,1200,1000,600,300,400,1600,10.87
252,129,BRAALRACNOR6BR00,AALR3,1622047427524182,10.86,10.85,10.84,10.87,10.88,10.89,1200,1000,600,300,400,1600,10.87
253,129,BRAALRACNOR6BR00,AALR3,1622047427876365,10.86,10.85,10.84,10.87,10.88,10.89,1200,1000,600,300,1000,1600,10.87
254,129,BRAALRACNOR6BR00,AALR3,1622047427877739,10.86,10.85,10.84,10.87,10.88,10.89,1200,1000,600,200,1000,1600,10.87
255,129,BRAALRACNOR6BR00,AALR3,1622047427877897,10.86,10.85,10.84,10.87,10.88,10.89,1200,1000,600,200,1000,1600,10.87
256,129,BRAALRACNOR6BR00,AALR3,1622047427878702,10.86,10.85,10.84,10.87,10.88,10.89,1200,1000,600,200,400,1600,10.87
257,129,BRAALRACNOR6BR00,AALR3,1622047427879932,10.86,10.85,10.84,10.87,10.88,10.89,1200,1000,600,100,400,1600,10.87
258,129,BRAALRACNOR6BR00,AALR3,1622047427880076,10.86,10.85,10.84,10.87,10.88,10.89,1200,1000,600,100,400,1600,10.87
259,129,BRAALRACNOR6BR00,AALR3,1622047427924036,10.86,10.85,10.84,10.87,10.88,10.89,1100,1000,600,100,400,1600,10.87
260,129,BRAALRACNOR6BR00,AALR3,1622047427925388,10.86,10.85,10.84,10.88,10.89,10.9,1100,1000,600,400,1600,5300,10.87
261,129,BRAALRACNOR6BR00,AALR3,1622047427925538,10.86,10.85,10.84,10.88,10.89,10.9,1100,1000,600,400,1600,5300,10.87
262,129,BRAALRACNOR6BR00,AALR3,1622047431778618,10.87,10.86,10.85,10.88,10.89,10.9,200,1100,1000,400,1600,5300,10.87
263,129,BRAALRACNOR6BR00,AALR3,1622047431779933,10.87,10.86,10.85,10.88,10.89,10.9,300,1500,600,400,900,5300,10.87
264,129,BRAALRACNOR6BR00,AALR3,1622047431780349,10.87,10.86,10.85,10.89,10.9,10.91,300,1500,600,900,5300,600,10.87
265,129,BRAALRACNOR6BR00,AALR3,1622047431781565,10.88,10.87,10.86,10.89,10.9,10.91,100,200,1500,900,5700,600,10.87
266,129,BRAALRACNOR6BR00,AALR3,1622047435416988,10.87,10.86,10.85,10.89,10.9,10.91,200,600,600,900,4500,600,10.88
267,129,BRAALRACNOR6BR00,AALR3,1622047435418339,10.87,10.86,10.85,10.89,10.9,10.91,200,600,600,1400,4000,600,10.88
268,129,BRAALRACNOR6BR00,AALR3,1622047435419817,10.88,10.87,10.86,10.89,10.9,10.91,100,200,600,1400,4000,600,10.88
269,129,BRAALRACNOR6BR00,AALR3,1622047435420868,10.87,10.86,10.85,10.89,10.9,10.91,200,600,600,1400,4000,600,10.88
270,129,BRAALRACNOR6BR00,AALR3,1622047435441922,10.87,10.86,10.85,10.89,10.9,10.91,200,500,600,1400,4000,600,10.88
271,129,BRAALRACNOR6BR00,AALR3,1622047435443213,10.88,10.87,10.86,10.89,10.9,10.91,100,500,500,1400,4000,600,10.88
272,129,BRAALRACNOR6BR00,AALR3,1622047437006007,10.88,10.87,10.86,10.89,10.9,10.91,500,500,400,1400,4000,600,10.88
273,129,BRAALRACNOR6BR00,AALR3,1622047437007550,10.88,10.87,10.86,10.89,10.9,10.91,400,500,400,1300,4000,600,10.89
274,129,BRAALRACNOR6BR00,AALR3,1622047437007740,10.88,10.87,10.86,10.89,10.9,10.91,400,500,400,1300,4000,600,10.89
275,129,BRAALRACNOR6BR00,AALR3,1622047437008486,10.88,10.87,10.86,10.89,10.9,10.91,400,500,1000,1300,4000,600,10.89
276,129,BRAALRACNOR6BR00,AALR3,1622047437009865,10.88,10.87,10.86,10.89,10.9,10.91,400,500,1000,400,4000,600,10.89
277,129,BRAALRACNOR6BR00,AALR3,1622047437010027,10.88,10.87,10.86,10.89,10.9,10.91,400,500,1000,400,4000,600,10.89
278,129,BRAALRACNOR6BR00,AALR3,1622047437010140,10.88,10.87,10.86,10.9,10.91,10.92,400,500,1000,4000,600,1500,10.89
279,129,BRAALRACNOR6BR00,AALR3,1622047437011285,10.89,10.88,10.87,10.9,10.91,10.92,100,400,900,3600,600,1500,10.89
280,129,BRAALRACNOR6BR00,AALR3,1622047441181793,10.89,10.88,10.87,10.9,10.91,10.92,700,400,600,3600,1000,1500,10.89
281,129,BRAALRACNOR6BR00,AALR3,1622047441183140,10.89,10.88,10.87,10.9,10.91,10.92,600,400,600,3500,1000,1500,10.9
282,129,BRAALRACNOR6BR00,AALR3,1622047441183292,10.89,10.88,10.87,10.9,10.91,10.92,600,400,600,3500,1000,1500,10.9
283,129,BRAALRACNOR6BR00,AALR3,1622047441183826,10.89,10.88,10.87,10.9,10.91,10.92,600,400,1200,3500,1000,1500,10.9
284,129,BRAALRACNOR6BR00,AALR3,1622047441184981,10.89,10.88,10.87,10.9,10.91,10.92,600,400,1200,3400,1000,1500,10.9
285,129,BRAALRACNOR6BR00,AALR3,1622047441185137,10.89,10.88,10.87,10.9,10.91,10.92,600,400,1200,3400,1000,1500,10.9
286,129,BRAALRACNOR6BR00,AALR3,1622047442167316,10.89,10.88,10.87,10.9,10.91,10.92,700,400,1200,3400,1000,1500,10.9
287,129,BRAALRACNOR6BR00,AALR3,1622047442168659,10.89,10.88,10.87,10.9,10.91,10.92,700,800,800,3300,600,1500,10.9
288,129,BRAALRACNOR6BR00,AALR3,1622047442168820,10.89,10.88,10.87,10.9,10.91,10.92,700,800,800,3300,600,1500,10.9
289,129,BRAALRACNOR6BR00,AALR3,1622047442169310,10.89,10.88,10.87,10.9,10.91,10.92,700,800,800,3300,600,1900,10.9
290,129,BRAALRACNOR6BR00,AALR3,1622047442170639,10.89,10.88,10.87,10.9,10.91,10.92,700,800,800,3200,600,1900,10.9
291,129,BRAALRACNOR6BR00,AALR3,1622047442170785,10.89,10.88,10.87,10.9,10.91,10.92,700,800,800,3200,600,1900,10.9
292,129,BRAALRACNOR6BR00,AALR3,1622047444027634,10.89,10.88,10.87,10.9,10.91,10.92,700,800,800,3300,600,1900,10.9
293,129,BRAALRACNOR6BR00,AALR3,1622047444029073,10.89,10.88,10.87,10.9,10.91,10.92,700,800,800,3200,600,1900,10.9
294,129,BRAALRACNOR6BR00,AALR3,1622047444029225,10.89,10.88,10.87,10.9,10.91,10.92,700,800,800,3200,600,1900,10.9
295,129,BRAALRACNOR6BR00,AALR3,1622047444862320,10.89,10.88,10.87,10.9,10.91,10.92,700,800,800,3300,600,1900,10.9
296,129,BRAALRACNOR6BR00,AALR3,1622047444863776,10.89,10.88,10.87,10.9,10.91,10.92,700,800,800,3200,600,1900,10.9
297,129,BRAALRACNOR6BR00,AALR3,1622047444863935,10.89,10.88,10.87,10.9,10.91,10.92,700,800,800,3200,600,1900,10.9
298,129,BRAALRACNOR6BR00,AALR3,1622047444864425,10.89,10.88,10.87,10.9,10.91,10.92,700,1400,800,3200,600,1900,10.9
299,129,BRAALRACNOR6BR00,AALR3,1622047444865815,10.89,10.88,10.87,10.9,10.91,10.92,700,1400,800,3100,600,1900,10.9
300,129,BRAALRACNOR6BR00,AALR3,1622047444865977,10.89,10.88,10.87,10.9,10.91,10.92,700,1400,800,3100,600,1900,10.9
301,129,BRAALRACNOR6BR00,AALR3,1622047445285639,10.89,10.88,10.87,10.9,10.91,10.92,700,800,800,3100,600,1900,10.9
302,129,BRAALRACNOR6BR00,AALR3,1622047445287083,10.89,10.88,10.87,10.9,10.91,10.92,700,800,800,3000,600,1900,10.9
303,129,BRAALRACNOR6BR00,AALR3,1622047445287229,10.89,10.88,10.87,10.9,10.91,10.92,700,800,800,3000,600,1900,10.9
304,129,BRAALRACNOR6BR00,AALR3,1622047445287474,10.89,10.88,10.87,10.9,10.92,10.93,700,800,800,3000,1900,2900,10.9
305,129,BRAALRACNOR6BR00,AALR3,1622047445288831,10.89,10.88,10.87,10.9,10.92,10.93,700,800,800,2900,1900,2900,10.9
306,129,BRAALRACNOR6BR00,AALR3,1622047445288994,10.89,10.88,10.87,10.9,10.92,10.93,700,800,800,2900,1900,2900,10.9
307,129,BRAALRACNOR6BR00,AALR3,1622047445385836,10.89,10.88,10.87,10.9,10.92,10.93,700,1400,800,2900,1900,2900,10.9
308,129,BRAALRACNOR6BR00,AALR3,1622047445387190,10.89,10.88,10.87,10.9,10.92,10.93,700,1400,800,2800,1900,2900,10.9
309,129,BRAALRACNOR6BR00,AALR3,1622047445387371,10.89,10.88,10.87,10.9,10.92,10.93,700,1400,800,2800,1900,2900,10.9
310,129,BRAALRACNOR6BR00,AALR3,1622047445639215,10.89,10.88,10.87,10.9,10.91,10.92,700,1400,800,2800,600,1900,10.9
311,129,BRAALRACNOR6BR00,AALR3,1622047445640589,10.89,10.88,10.87,10.9,10.91,10.92,700,1400,800,2700,600,1900,10.9
312,129,BRAALRACNOR6BR00,AALR3,1622047445640730,10.89,10.88,10.87,10.9,10.91,10.92,700,1400,800,2700,600,1900,10.9
313,129,BRAALRACNOR6BR00,AALR3,1622047445640979,10.89,10.88,10.87,10.9,10.92,10.93,700,1400,800,2700,1900,2900,10.9
314,129,BRAALRACNOR6BR00,AALR3,1622047445642586,10.89,10.88,10.87,10.9,10.92,10.93,700,1400,800,2600,1900,2900,10.9
315,129,BRAALRACNOR6BR00,AALR3,1622047445642689,10.89,10.88,10.87,10.9,10.92,10.93,700,1400,800,2600,1900,2900,10.9
316,129,BRAALRACNOR6BR00,AALR3,1622047445945459,10.89,10.88,10.87,10.9,10.91,10.92,700,1400,800,2600,600,1900,10.9
317,129,BRAALRACNOR6BR00,AALR3,1622047445946895,10.89,10.88,10.87,10.9,10.91,10.92,700,1400,800,2500,600,1900,10.9
318,129,BRAALRACNOR6BR00,AALR3,1622047445947035,10.89,10.88,10.87,10.9,10.91,10.92,700,1400,800,2500,600,1900,10.9
319,132,BRABCBACNPR4BR00,ABCB4,1622046631457999,16.31,16.3,16.29,16.33,16.34,16.35,500,2000,3400,1600,1900,3000,16.32
320,132,BRABCBACNPR4BR00,ABCB4,1622046631459180,16.31,16.3,16.29,16.33,16.34,16.35,600,2000,3400,1600,1900,3000,16.32
321,132,BRABCBACNPR4BR00,ABCB4,1622046685353879,16.32,16.31,16.3,16.33,16.34,16.35,100,700,1900,1100,1800,3100,16.33
322,132,BRABCBACNPR4BR00,ABCB4,1622046685355216,16.32,16.31,16.3,16.33,16.34,16.35,200,600,1900,1100,1800,3000,16.33
323,132,BRABCBACNPR4BR00,ABCB4,1622046705871623,16.31,16.3,16.29,16.33,16.34,16.35,200,2100,3300,900,1400,3100,16.32
324,132,BRABCBACNPR4BR00,ABCB4,1622046705871807,16.31,16.3,16.29,16.33,16.34,16.35,200,2100,3300,900,1500,3100,16.32
325,132,BRABCBACNPR4BR00,ABCB4,1622046705872378,16.31,16.3,16.29,16.33,16.34,16.35,200,1900,3300,900,1500,3100,16.32
326,132,BRABCBACNPR4BR00,ABCB4,1622046705873603,16.31,16.3,16.29,16.32,16.33,16.34,100,1700,3300,200,1300,1400,16.32
327,132,BRABCBACNPR4BR00,ABCB4,1622046705873798,16.31,16.3,16.29,16.32,16.33,16.34,100,1700,3400,200,1300,1400,16.32
328,132,BRABCBACNPR4BR00,ABCB4,1622046705875002,16.3,16.29,16.28,16.32,16.33,16.34,1900,3400,4500,200,1300,1500,16.32
329,132,BRABCBACNPR4BR00,ABCB4,1622046712303770,16.31,16.3,16.29,16.33,16.34,16.35,100,1800,1100,1600,2300,3500,16.32
330,132,BRABCBACNPR4BR00,ABCB4,1622046712305250,16.31,16.3,16.29,16.33,16.34,16.35,200,1900,1100,1600,2000,3500,16.32
331,132,BRABCBACNPR4BR00,ABCB4,1622046713070669,16.3,16.29,16.28,16.33,16.34,16.35,1100,1300,5200,1600,2000,3500,16.3
332,132,BRABCBACNPR4BR00,ABCB4,1622046713070867,16.3,16.29,16.28,16.33,16.34,16.35,1100,1300,5200,1600,2000,3500,16.3
333,132,BRABCBACNPR4BR00,ABCB4,1622046713071385,16.3,16.29,16.28,16.33,16.34,16.35,1100,1200,5200,1600,2000,3500,16.3
334,132,BRABCBACNPR4BR00,ABCB4,1622046713072710,16.3,16.29,16.28,16.32,16.33,16.34,1400,900,5300,500,1900,2000,16.3
335,132,BRABCBACNPR4BR00,ABCB4,1622046721323675,16.3,16.29,16.28,16.32,16.33,16.34,400,900,5300,1300,1800,2400,16.3
336,132,BRABCBACNPR4BR00,ABCB4,1622046721324390,16.3,16.29,16.28,16.32,16.33,16.34,400,900,4900,1300,1800,2400,16.3
337,132,BRABCBACNPR4BR00,ABCB4,1622046721325678,16.3,16.29,16.28,16.31,16.32,16.33,500,900,4500,300,1300,1800,16.3
338,132,BRABCBACNPR4BR00,ABCB4,1622046731049481,16.31,16.3,16.29,16.32,16.33,16.34,100,900,1000,800,2000,2500,16.3
339,132,BRABCBACNPR4BR00,ABCB4,1622046731050905,16.31,16.3,16.29,16.32,16.33,16.34,200,500,1000,800,2000,2500,16.3
340,132,BRABCBACNPR4BR00,ABCB4,1622046734066816,16.31,16.3,16.29,16.32,16.33,16.34,100,800,1100,1200,1400,2500,16.31
341,132,BRABCBACNPR4BR00,ABCB4,1622046734068129,16.3,16.29,16.28,16.32,16.33,16.34,900,1000,5100,1200,1400,2500,16.31
342,132,BRABCBACNPR4BR00,ABCB4,1622046739437908,16.31,16.3,16.29,16.32,16.33,16.34,100,1200,800,1200,1400,2500,16.31
343,132,BRABCBACNPR4BR00,ABCB4,1622046739439193,16.31,16.3,16.29,16.32,16.33,16.34,200,800,800,1200,1400,2500,16.31
344,132,BRABCBACNPR4BR00,ABCB4,1622046743045450,16.31,16.3,16.29,16.32,16.33,16.34,300,500,1100,1100,1300,2500,16.31
345,132,BRABCBACNPR4BR00,ABCB4,1622046743045953,16.31,16.3,16.29,16.32,16.33,16.34,300,500,1000,1100,1300,2500,16.31
346,132,BRABCBACNPR4BR00,ABCB4,1622046743047349,16.31,16.3,16.29,16.32,16.33,16.34,100,800,800,1100,1300,2500,16.31
347,132,BRABCBACNPR4BR00,ABCB4,1622046743048008,16.31,16.3,16.29,16.32,16.33,16.34,100,800,800,1100,1300,2500,16.31
348,132,BRABCBACNPR4BR00,ABCB4,1622046743048473,16.3,16.29,16.28,16.32,16.33,16.34,800,800,5100,1100,1300,2500,16.31
349,132,BRABCBACNPR4BR00,ABCB4,1622046743162765,16.3,16.29,16.28,16.32,16.33,16.34,800,800,5100,1100,1300,2500,16.3
350,132,BRABCBACNPR4BR00,ABCB4,1622046743164023,16.3,16.29,16.28,16.32,16.33,16.34,900,800,4900,1400,1300,2500,16.3
351,132,BRABCBACNPR4BR00,ABCB4,1622046766621085,16.31,16.3,16.29,16.32,16.33,16.34,100,1000,800,1200,1500,2400,16.3
352,132,BRABCBACNPR4BR00,ABCB4,1622046766622496,16.31,16.3,16.29,16.32,16.33,16.34,200,600,800,1100,1400,2400,16.3
353,132,BRABCBACNPR4BR00,ABCB4,1622046766624037,16.3,16.29,16.28,16.32,16.33,16.34,600,900,5000,1100,1400,2500,16.31
354,132,BRABCBACNPR4BR00,ABCB4,1622046766624257,16.3,16.29,16.28,16.32,16.33,16.34,600,900,5000,1100,1400,2500,16.31
355,132,BRABCBACNPR4BR00,ABCB4,1622046766624703,16.3,16.29,16.28,16.32,16.33,16.34,600,800,5000,1100,1400,2500,16.31
356,132,BRABCBACNPR4BR00,ABCB4,1622046766625914,16.3,16.29,16.28,16.32,16.33,16.34,1000,800,4900,1200,1400,2500,16.31
357,132,BRABCBACNPR4BR00,ABCB4,1622046771193742,16.3,16.29,16.28,16.32,16.33,16.34,800,800,4200,1200,1400,2500,16.3
358,132,BRABCBACNPR4BR00,ABCB4,1622046771193766,16.3,16.29,16.28,16.32,16.33,16.34,800,800,4200,1200,1400,2500,16.3
359,132,BRABCBACNPR4BR00,ABCB4,1622046771194991,16.3,16.29,16.28,16.31,16.32,16.33,900,800,4200,300,1200,1500,16.3
360,132,BRABCBACNPR4BR00,ABCB4,1622046785922090,16.31,16.3,16.29,16.32,16.33,16.34,100,1600,700,1200,1400,2500,16.3
361,132,BRABCBACNPR4BR00,ABCB4,1622046785923327,16.31,16.3,16.29,16.32,16.33,16.34,200,1200,800,1100,1400,2500,16.3
362,132,BRABCBACNPR4BR00,ABCB4,1622046786033441,16.31,16.3,16.29,16.32,16.33,16.34,100,1200,1100,1100,1400,2500,16.31
363,132,BRABCBACNPR4BR00,ABCB4,1622046786034676,16.3,16.29,16.28,16.32,16.33,16.34,1300,1100,4200,1100,1400,2500,16.31
364,132,BRABCBACNPR4BR00,ABCB4,1622046794070751,16.31,16.3,16.29,16.32,16.33,16.34,100,1600,1100,1400,1100,2500,16.31
365,132,BRABCBACNPR4BR00,ABCB4,1622046794071945,16.31,16.3,16.29,16.32,16.33,16.34,200,1200,1200,1400,1100,2500,16.31
366,132,BRABCBACNPR4BR00,ABCB4,1622046813949688,16.31,16.3,16.29,16.32,16.33,16.34,800,1200,1100,1400,600,2200,16.31
367,132,BRABCBACNPR4BR00,ABCB4,1622046813949835,16.3,16.29,16.28,16.32,16.33,16.34,1000,1100,6300,1400,600,2200,16.3
368,132,BRABCBACNPR4BR00,ABCB4,1622046813951285,16.3,16.29,16.28,16.32,16.33,16.34,1100,800,6000,1400,600,2200,16.3
369,132,BRABCBACNPR4BR00,ABCB4,1622046821539340,16.31,16.3,16.29,16.32,16.33,16.34,100,1400,800,1400,600,2200,16.3
370,132,BRABCBACNPR4BR00,ABCB4,1622046821540626,16.31,16.3,16.29,16.32,16.33,16.34,200,1000,800,1400,600,2200,16.3
371,132,BRABCBACNPR4BR00,ABCB4,1622046821653605,16.31,16.3,16.29,16.32,16.33,16.34,100,1000,1000,1400,600,2200,16.31
372,132,BRABCBACNPR4BR00,ABCB4,1622046821654801,16.3,16.29,16.28,16.32,16.33,16.34,1100,1000,6300,1400,600,2200,16.31
373,132,BRABCBACNPR4BR00,ABCB4,1622046856323515,16.3,16.29,16.28,16.32,16.33,16.34,600,800,4800,1800,600,2200,16.3
374,132,BRABCBACNPR4BR00,ABCB4,1622046856324345,16.3,16.29,16.28,16.32,16.33,16.34,600,800,4800,1800,700,2100,16.3
375,132,BRABCBACNPR4BR00,ABCB4,1622046856325566,16.3,16.29,16.28,16.32,16.33,16.34,700,800,4800,1800,700,2100,16.3
376,132,BRABCBACNPR4BR00,ABCB4,1622046893966652,16.3,16.29,16.28,16.32,16.33,16.34,1000,800,4800,2000,700,3300,16.31
377,132,BRABCBACNPR4BR00,ABCB4,1622046893966795,16.3,16.29,16.28,16.32,16.33,16.34,1000,800,4800,2000,700,3300,16.3
378,132,BRABCBACNPR4BR00,ABCB4,1622046893968095,16.3,16.29,16.28,16.32,16.33,16.34,1100,800,4800,2000,800,3200,16.3
379,132,BRABCBACNPR4BR00,ABCB4,1622046893968242,16.3,16.29,16.28,16.31,16.32,16.33,1100,800,4800,300,2000,800,16.3
380,132,BRABCBACNPR4BR00,ABCB4,1622046893969599,16.3,16.29,16.28,16.31,16.32,16.33,1000,800,3700,500,2000,800,16.3
381,132,BRABCBACNPR4BR00,ABCB4,1622046898013806,16.3,16.29,16.28,16.32,16.33,16.34,1600,800,4300,1900,800,3400,16.3
382,132,BRABCBACNPR4BR00,ABCB4,1622046898015092,16.3,16.29,16.28,16.32,16.33,16.34,1700,700,4300,1700,700,3200,16.3
383,132,BRABCBACNPR4BR00,ABCB4,1622046898149770,16.3,16.29,16.28,16.31,16.32,16.33,1700,800,4300,1300,700,700,16.3
384,132,BRABCBACNPR4BR00,ABCB4,1622046898151049,16.3,16.29,16.28,16.31,16.32,16.33,1600,900,4300,1300,700,800,16.3
385,132,BRABCBACNPR4BR00,ABCB4,1622046900534216,16.3,16.29,16.28,16.31,16.32,16.33,1600,900,4300,1500,900,1000,16.3
386,132,BRABCBACNPR4BR00,ABCB4,1622046900535388,16.3,16.29,16.28,16.31,16.32,16.33,1700,800,4300,1500,900,1000,16.3
387,132,BRABCBACNPR4BR00,ABCB4,1622046904141369,16.3,16.29,16.28,16.31,16.32,16.33,1000,1100,4100,400,900,900,16.3
388,132,BRABCBACNPR4BR00,ABCB4,1622046904141930,16.3,16.29,16.28,16.31,16.32,16.33,1000,1100,4000,400,900,900,16.3
389,132,BRABCBACNPR4BR00,ABCB4,1622046904143346,16.3,16.29,16.28,16.31,16.32,16.33,900,1000,3500,700,900,1200,16.3
390,132,BRABCBACNPR4BR00,ABCB4,1622046921871644,16.3,16.29,16.28,16.32,16.33,16.34,1600,700,4100,400,1800,4900,16.31
391,132,BRABCBACNPR4BR00,ABCB4,1622046921873027,16.31,16.3,16.29,16.32,16.33,16.34,100,1500,800,400,1700,4600,16.31
392,132,BRABCBACNPR4BR00,ABCB4,1622046921874878,16.3,16.29,16.28,16.32,16.33,16.34,1100,900,4000,600,1100,5100,16.3
393,132,BRABCBACNPR4BR00,ABCB4,1622046921875444,16.3,16.29,16.28,16.32,16.33,16.34,1100,900,4000,600,800,5100,16.3
394,132,BRABCBACNPR4BR00,ABCB4,1622046921876542,16.31,16.3,16.29,16.32,16.33,16.34,100,1100,800,800,800,5100,16.3
395,132,BRABCBACNPR4BR00,ABCB4,1622046921987843,16.3,16.29,16.28,16.32,16.33,16.34,1100,900,4000,800,800,5100,16.31
396,132,BRABCBACNPR4BR00,ABCB4,1622046921988456,16.3,16.29,16.28,16.32,16.33,16.34,1100,800,4000,800,800,5100,16.31
397,132,BRABCBACNPR4BR00,ABCB4,1622046921989676,16.31,16.3,16.29,16.32,16.33,16.34,100,1100,800,800,800,5200,16.31
398,132,BRABCBACNPR4BR00,ABCB4,1622046934503748,16.31,16.3,16.29,16.32,16.33,16.34,1000,900,900,400,800,5200,16.31
399,132,BRABCBACNPR4BR00,ABCB4,1622046934504137,16.3,16.29,16.28,16.32,16.33,16.34,1000,900,6300,400,800,5200,16.3
400,132,BRABCBACNPR4BR00,ABCB4,1622046934505569,16.31,16.3,16.29,16.32,16.33,16.34,100,900,800,700,900,5500,16.3
401,132,BRABCBACNPR4BR00,ABCB4,1622046934505658,16.3,16.29,16.28,16.31,16.32,16.33,900,800,6000,100,700,900,16.31
402,132,BRABCBACNPR4BR00,ABCB4,1622046934505836,16.3,16.29,16.28,16.31,16.32,16.33,900,600,6000,100,700,900,16.31
403,132,BRABCBACNPR4BR00,ABCB4,1622046934505878,16.3,16.29,16.28,16.32,16.33,16.34,900,600,6000,700,900,5500,16.31
404,132,BRABCBACNPR4BR00,ABCB4,1622046934507373,16.3,16.29,16.28,16.31,16.32,16.33,900,500,5500,400,700,800,16.31
405,132,BRABCBACNPR4BR00,ABCB4,1622046934507523,16.3,16.29,16.28,16.31,16.32,16.33,900,500,5500,400,700,800,16.31
406,132,BRABCBACNPR4BR00,ABCB4,1622046934507849,16.3,16.29,16.28,16.31,16.32,16.33,900,500,5200,400,700,800,16.31
407,132,BRABCBACNPR4BR00,ABCB4,1622046934509010,16.3,16.29,16.28,16.31,16.32,16.33,1000,500,5200,400,700,900,16.31
408,132,BRABCBACNPR4BR00,ABCB4,1622046963907950,16.3,16.29,16.28,16.32,16.33,16.34,1900,900,5800,300,1500,4900,16.31
409,132,BRABCBACNPR4BR00,ABCB4,1622046963909540,16.31,16.3,16.29,16.32,16.33,16.34,100,1800,900,300,1400,4700,16.31
410,132,BRABCBACNPR4BR00,ABCB4,1622046969058654,16.31,16.3,16.29,16.32,16.33,16.34,700,2000,600,300,800,5000,16.31
411,132,BRABCBACNPR4BR00,ABCB4,1622046970495560,16.31,16.3,16.29,16.32,16.33,16.34,1100,1600,600,300,800,5000,16.31
412,132,BRABCBACNPR4BR00,ABCB4,1622046970496831,16.31,16.3,16.29,16.32,16.33,16.34,1200,1600,700,300,800,5000,16.31
413,132,BRABCBACNPR4BR00,ABCB4,1622046977979477,16.3,16.29,16.28,16.32,16.33,16.34,1600,700,6000,300,800,5000,16.31
414,132,BRABCBACNPR4BR00,ABCB4,1622046977980045,16.3,16.29,16.28,16.32,16.33,16.34,1600,600,5700,300,800,5000,16.31
415,132,BRABCBACNPR4BR00,ABCB4,1622046977981296,16.31,16.3,16.29,16.32,16.33,16.34,100,1600,600,500,800,5000,16.31
416,132,BRABCBACNPR4BR00,ABCB4,1622047034082375,16.31,16.3,16.29,16.32,16.33,16.34,700,1700,1500,200,800,3500,16.32
417,132,BRABCBACNPR4BR00,ABCB4,1622047034082416,16.31,16.3,16.29,16.32,16.33,16.34,200,1700,1500,200,800,3500,16.31
418,132,BRABCBACNPR4BR00,ABCB4,1622047034083568,16.31,16.3,16.29,16.32,16.33,16.34,300,1700,1500,400,800,3600,16.31
419,132,BRABCBACNPR4BR00,ABCB4,1622047081179871,16.3,16.29,16.28,16.31,16.32,16.33,1700,1500,5700,800,200,700,16.31
420,132,BRABCBACNPR4BR00,ABCB4,1622047081179936,16.3,16.29,16.28,16.31,16.32,16.33,1700,1500,5700,800,200,700,16.31
421,132,BRABCBACNPR4BR00,ABCB4,1622047081180625,16.3,16.29,16.28,16.31,16.32,16.33,1600,1500,5700,800,200,700,16.31
422,132,BRABCBACNPR4BR00,ABCB4,1622047081181882,16.3,16.29,16.28,16.32,16.33,16.34,1700,1400,5700,400,1100,3900,16.31
423,132,BRABCBACNPR4BR00,ABCB4,1622047081181923,16.3,16.29,16.28,16.32,16.33,16.34,1700,1400,5700,400,1100,3900,16.31
424,132,BRABCBACNPR4BR00,ABCB4,1622047081183231,16.31,16.3,16.29,16.32,16.33,16.34,100,1600,1400,400,1000,3900,16.31
425,132,BRABCBACNPR4BR00,ABCB4,1622047096935994,16.31,16.3,16.29,16.32,16.33,16.34,300,1600,1500,400,700,4000,16.31
426,132,BRABCBACNPR4BR00,ABCB4,1622047099955860,16.3,16.29,16.28,16.32,16.33,16.34,1900,1500,5700,400,700,4000,16.31
427,132,BRABCBACNPR4BR00,ABCB4,1622047099957129,16.31,16.3,16.29,16.32,16.33,16.34,100,1900,1500,400,700,4000,16.31
428,132,BRABCBACNPR4BR00,ABCB4,1622047107760619,16.31,16.3,16.29,16.33,16.34,16.35,400,1700,1500,700,4000,3100,16.32
429,132,BRABCBACNPR4BR00,ABCB4,1622047107763500,16.32,16.31,16.3,16.33,16.34,16.35,100,300,1700,1000,3300,3800,16.32
430,132,BRABCBACNPR4BR00,ABCB4,1622047141688856,16.32,16.31,16.3,16.34,16.35,16.36,1300,100,2200,1800,3100,4200,16.34
431,132,BRABCBACNPR4BR00,ABCB4,1622047141690461,16.33,16.32,16.31,16.34,16.35,16.36,100,1200,100,1700,2000,4900,16.34
432,132,BRABCBACNPR4BR00,ABCB4,1622047151206215,16.33,16.32,16.31,16.34,16.35,16.36,1100,1700,400,1200,1800,2900,16.34
433,132,BRABCBACNPR4BR00,ABCB4,1622047151206457,16.32,16.31,16.3,16.34,16.35,16.36,100,400,3200,1200,1800,2900,16.32
434,132,BRABCBACNPR4BR00,ABCB4,1622047151208268,16.32,16.31,16.3,16.33,16.34,16.35,100,300,3200,100,1500,1900,16.33
435,132,BRABCBACNPR4BR00,ABCB4,1622047151208422,16.32,16.31,16.3,16.33,16.34,16.35,100,300,3200,100,1500,1900,16.33
436,132,BRABCBACNPR4BR00,ABCB4,1622047151208601,16.32,16.31,16.3,16.33,16.34,16.35,100,300,3300,100,1500,1900,16.33
437,132,BRABCBACNPR4BR00,ABCB4,1622047151209939,16.32,16.31,16.3,16.33,16.34,16.35,400,300,2800,600,1600,2000,16.33
438,132,BRABCBACNPR4BR00,ABCB4,1622047179756029,16.31,16.3,16.29,16.33,16.34,16.35,300,3100,2200,300,1200,2000,16.32
439,132,BRABCBACNPR4BR00,ABCB4,1622047179756598,16.31,16.3,16.29,16.33,16.34,16.35,300,3000,2200,300,1200,2000,16.32
440,132,BRABCBACNPR4BR00,ABCB4,1622047179757933,16.32,16.31,16.3,16.33,16.34,16.35,100,300,1700,300,1200,2000,16.32
441,132,BRABCBACNPR4BR00,ABCB4,1622047179758084,16.31,16.3,16.29,16.32,16.33,16.34,300,1700,3000,100,300,1200,16.32
442,132,BRABCBACNPR4BR00,ABCB4,1622047179758295,16.31,16.3,16.29,16.32,16.33,16.34,300,1700,3000,100,300,1200,16.32
443,132,BRABCBACNPR4BR00,ABCB4,1622047179758342,16.31,16.3,16.29,16.33,16.34,16.35,300,1700,3000,300,1200,2000,16.32
444,132,BRABCBACNPR4BR00,ABCB4,1622047179759693,16.32,16.31,16.3,16.33,16.34,16.35,100,200,1700,300,1200,1900,16.32
445,132,BRABCBACNPR4BR00,ABCB4,1622047179760084,16.31,16.3,16.29,16.32,16.33,16.34,200,1700,3000,100,300,1200,16.32
446,132,BRABCBACNPR4BR00,ABCB4,1622047179760346,16.31,16.3,16.29,16.32,16.33,16.34,200,1700,3000,100,300,1200,16.32
447,132,BRABCBACNPR4BR00,ABCB4,1622047179760428,16.31,16.3,16.29,16.32,16.33,16.34,600,1700,3000,100,300,1200,16.32
448,132,BRABCBACNPR4BR00,ABCB4,1622047179762429,16.31,16.3,16.29,16.33,16.34,16.35,700,1700,3000,300,1200,1900,16.32
449,132,BRABCBACNPR4BR00,ABCB4,1622047179763792,16.31,16.3,16.29,16.33,16.34,16.35,300,1700,3000,300,1200,1900,16.32
450,132,BRABCBACNPR4BR00,ABCB4,1622047179765022,16.32,16.31,16.3,16.33,16.34,16.35,100,200,1700,300,1200,1900,16.32
451,132,BRABCBACNPR4BR00,ABCB4,1622047229247290,16.32,16.31,16.3,16.35,16.36,16.37,1000,400,2000,1900,4300,1500,16.33
452,132,BRABCBACNPR4BR00,ABCB4,1622047229248704,16.33,16.32,16.31,16.34,16.35,16.36,100,1000,400,500,1900,4300,16.33
453,132,BRABCBACNPR4BR00,ABCB4,1622047234123702,16.33,16.32,16.31,16.34,16.35,16.36,1100,500,500,500,1800,4100,16.33
454,132,BRABCBACNPR4BR00,ABCB4,1622047234123794,16.32,16.31,16.3,16.34,16.35,16.36,500,500,2400,500,1800,4100,16.33
455,132,BRABCBACNPR4BR00,ABCB4,1622047234125210,16.32,16.31,16.3,16.33,16.34,16.35,500,400,2400,100,500,1900,16.33
456,132,BRABCBACNPR4BR00,ABCB4,1622047234125414,16.32,16.31,16.3,16.33,16.34,16.35,500,400,2400,100,500,1900,16.33
457,132,BRABCBACNPR4BR00,ABCB4,1622047234125536,16.32,16.31,16.3,16.33,16.34,16.35,500,400,2500,100,500,1900,16.33
458,132,BRABCBACNPR4BR00,ABCB4,1622047234126726,16.32,16.31,16.3,16.33,16.34,16.35,600,400,2500,100,500,1900,16.33
459,132,BRABCBACNPR4BR00,ABCB4,1622047234127149,16.32,16.31,16.3,16.34,16.35,16.36,600,400,2500,500,1900,4200,16.33
460,132,BRABCBACNPR4BR00,ABCB4,1622047234128292,16.33,16.32,16.31,16.34,16.35,16.36,100,500,400,500,1900,4200,16.33
461,132,BRABCBACNPR4BR00,ABCB4,1622047259461030,16.32,16.31,16.3,16.34,16.35,16.36,500,500,3100,500,1900,4800,16.33
462,132,BRABCBACNPR4BR00,ABCB4,1622047259461602,16.32,16.31,16.3,16.34,16.35,16.36,500,400,3100,500,1900,4800,16.33
463,132,BRABCBACNPR4BR00,ABCB4,1622047259463095,16.32,16.31,16.3,16.33,16.34,16.35,500,400,3200,100,500,1900,16.33
464,132,BRABCBACNPR4BR00,ABCB4,1622047259463248,16.32,16.31,16.3,16.33,16.34,16.35,500,400,3200,100,500,1900,16.33
465,132,BRABCBACNPR4BR00,ABCB4,1622047264914025,16.32,16.31,16.3,16.33,16.34,16.35,500,800,3200,100,500,1900,16.33
466,132,BRABCBACNPR4BR00,ABCB4,1622047264915382,16.32,16.31,16.3,16.34,16.35,16.36,600,800,3200,500,1900,4800,16.33
467,132,BRABCBACNPR4BR00,ABCB4,1622047284778232,16.32,16.31,16.3,16.34,16.35,16.36,900,400,3200,500,2000,4700,16.33
468,132,BRABCBACNPR4BR00,ABCB4,1622047284779601,16.33,16.32,16.31,16.34,16.35,16.36,100,800,400,500,1900,4700,16.33
469,132,BRABCBACNPR4BR00,ABCB4,1622047285348539,16.32,16.31,16.3,16.34,16.35,16.36,800,400,3200,600,1900,4800,16.33
470,132,BRABCBACNPR4BR00,ABCB4,1622047288595983,16.33,16.32,16.31,16.34,16.35,16.36,400,400,400,600,1900,4800,16.33
471,132,BRABCBACNPR4BR00,ABCB4,1622047288597477,16.33,16.32,16.31,16.34,16.35,16.36,500,400,400,600,1900,4800,16.33
472,132,BRABCBACNPR4BR00,ABCB4,1622047346782552,16.33,16.32,16.31,16.35,16.36,16.37,800,300,500,1300,3400,2900,16.34
473,132,BRABCBACNPR4BR00,ABCB4,1622047346783939,16.34,16.33,16.32,16.35,16.36,16.37,100,900,300,1300,2700,2900,16.34
474,132,BRABCBACNPR4BR00,ABCB4,1622047359772313,16.33,16.32,16.31,16.35,16.36,16.37,300,400,1100,700,2600,2800,16.34
475,132,BRABCBACNPR4BR00,ABCB4,1622047359772992,16.33,16.32,16.31,16.35,16.36,16.37,300,300,1100,700,2600,2800,16.34
476,132,BRABCBACNPR4BR00,ABCB4,1622047359774320,16.33,16.32,16.31,16.34,16.35,16.36,100,300,1200,400,700,2600,16.34
477,132,BRABCBACNPR4BR00,ABCB4,1622047359774372,16.33,16.32,16.31,16.34,16.35,16.36,100,300,1200,400,700,2700,16.34
478,132,BRABCBACNPR4BR00,ABCB4,1622047359774483,16.33,16.32,16.31,16.34,16.35,16.36,100,300,1200,400,700,2700,16.34
479,132,BRABCBACNPR4BR00,ABCB4,1622047359775122,16.33,16.32,16.31,16.34,16.35,16.36,100,300,1200,400,700,3200,16.34
480,132,BRABCBACNPR4BR00,ABCB4,1622047359776326,16.33,16.32,16.31,16.34,16.35,16.36,200,300,1200,400,700,3200,16.34
481,132,BRABCBACNPR4BR00,ABCB4,1622047399512960,16.33,16.32,16.31,16.34,16.35,16.36,1100,300,1200,300,900,2600,16.34
482,132,BRABCBACNPR4BR00,ABCB4,1622047399512988,16.33,16.32,16.31,16.34,16.35,16.36,600,300,1200,300,900,2600,16.33
483,132,BRABCBACNPR4BR00,ABCB4,1622047399514390,16.33,16.32,16.31,16.34,16.35,16.36,500,300,1200,600,1000,3200,16.33
484,132,BRABCBACNPR4BR00,ABCB4,1622047405365274,16.32,16.31,16.3,16.34,16.35,16.36,300,1200,3700,600,1000,3200,16.33
485,132,BRABCBACNPR4BR00,ABCB4,1622047405365792,16.32,16.31,16.3,16.34,16.35,16.36,300,1100,3700,600,1000,3200,16.33
486,132,BRABCBACNPR4BR00,ABCB4,1622047405367322,16.32,16.31,16.3,16.33,16.34,16.35,200,400,4400,100,300,1000,16.33
487,132,BRABCBACNPR4BR00,ABCB4,1622047405367407,16.32,16.31,16.3,16.33,16.34,16.35,200,400,4500,100,300,1000,16.33
488,132,BRABCBACNPR4BR00,ABCB4,1622047405367461,16.32,16.31,16.3,16.33,16.34,16.35,200,400,4500,100,300,1000,16.33
489,132,BRABCBACNPR4BR00,ABCB4,1622047405367550,16.32,16.31,16.3,16.33,16.34,16.35,200,400,4500,100,300,1100,16.33
490,132,BRABCBACNPR4BR00,ABCB4,1622047405368970,16.32,16.31,16.3,16.33,16.34,16.35,300,400,4500,100,600,1000,16.33
491,132,BRABCBACNPR4BR00,ABCB4,1622047406658784,16.32,16.31,16.3,16.34,16.35,16.36,300,400,4500,300,1000,3200,16.33
492,132,BRABCBACNPR4BR00,ABCB4,1622047406660008,16.33,16.32,16.31,16.34,16.35,16.36,100,200,400,300,1000,3200,16.33
493,132,BRABCBACNPR4BR00,ABCB4,1622047410354606,16.32,16.31,16.3,16.33,16.34,16.35,200,400,4500,200,300,1000,16.33
494,132,BRABCBACNPR4BR00,ABCB4,1622047410354633,16.32,16.31,16.3,16.33,16.34,16.35,200,400,4500,200,300,1000,16.33
495,132,BRABCBACNPR4BR00,ABCB4,1622047410355540,16.32,16.31,16.3,16.33,16.34,16.35,200,400,4500,200,300,1000,16.33
496,132,BRABCBACNPR4BR00,ABCB4,1622047410356794,16.32,16.31,16.3,16.33,16.34,16.35,300,400,4500,200,300,1000,16.33
497,132,BRABCBACNPR4BR00,ABCB4,1622047419063960,16.32,16.31,16.3,16.34,16.35,16.36,500,400,4400,200,1600,4600,16.33
498,132,BRABCBACNPR4BR00,ABCB4,1622047419065593,16.33,16.32,16.31,16.34,16.35,16.36,100,400,400,500,1600,4600,16.33
499,132,BRABCBACNPR4BR00,ABCB4,1622047445117371,16.33,16.32,16.31,16.34,16.35,16.36,500,700,500,500,900,5200,16.33
500,132,BRABCBACNPR4BR00,ABCB4,1622047445118914,16.33,16.32,16.31,16.34,16.35,16.36,400,700,500,100,900,5200,16.34
501,132,BRABCBACNPR4BR00,ABCB4,1622047445119052,16.33,16.32,16.31,16.34,16.35,16.36,400,700,500,100,900,5200,16.34
502,132,BRABCBACNPR4BR00,ABCB4,1622047445123068,16.33,16.32,16.31,16.34,16.35,16.36,500,600,500,100,900,5200,16.34
503,132,BRABCBACNPR4BR00,ABCB4,1622047445124379,16.33,16.32,16.31,16.35,16.36,16.37,500,600,500,900,4600,1500,16.34
504,132,BRABCBACNPR4BR00,ABCB4,1622047445124525,16.33,16.32,16.31,16.35,16.36,16.37,500,600,500,900,4600,1500,16.34
505,132,BRABCBACNPR4BR00,ABCB4,1622047445124961,16.33,16.32,16.31,16.35,16.36,16.37,500,600,500,900,4600,1500,16.34
506,132,BRABCBACNPR4BR00,ABCB4,1622047445126127,16.34,16.33,16.32,16.35,16.36,16.37,100,500,600,900,3900,2300,16.34
507,132,BRABCBACNPR4BR00,ABCB4,1622047455647997,16.34,16.33,16.32,16.35,16.36,16.37,600,400,400,700,2600,2200,16.35
508,132,BRABCBACNPR4BR00,ABCB4,1622047455649659,16.34,16.33,16.32,16.35,16.36,16.37,500,400,400,600,2600,2200,16.35
509,132,BRABCBACNPR4BR00,ABCB4,1622047455649786,16.34,16.33,16.32,16.35,16.36,16.37,500,400,400,600,2600,2200,16.35
510,132,BRABCBACNPR4BR00,ABCB4,1622047455654541,16.34,16.33,16.32,16.35,16.36,16.37,600,300,400,600,2600,2200,16.35
511,132,BRABCBACNPR4BR00,ABCB4,1622047455655888,16.34,16.33,16.32,16.35,16.36,16.37,600,300,400,500,2600,2200,16.35
512,132,BRABCBACNPR4BR00,ABCB4,1622047455656040,16.34,16.33,16.32,16.35,16.36,16.37,600,300,400,500,2600,2200,16.35
513,132,BRABCBACNPR4BR00,ABCB4,1622047455656348,16.34,16.33,16.32,16.35,16.36,16.37,600,300,400,500,2500,2200,16.35
514,132,BRABCBACNPR4BR00,ABCB4,1622047455657604,16.34,16.33,16.32,16.35,16.36,16.37,600,300,400,400,2500,2200,16.35
515,132,BRABCBACNPR4BR00,ABCB4,1622047455657717,16.34,16.33,16.32,16.35,16.36,16.37,600,300,400,400,2500,2200,16.35
516,132,BRABCBACNPR4BR00,ABCB4,1622047467944958,16.34,16.33,16.32,16.35,16.36,16.37,600,300,400,500,2500,2200,16.35
517,132,BRABCBACNPR4BR00,ABCB4,1622047467946283,16.34,16.33,16.32,16.35,16.36,16.37,600,300,400,400,2500,2200,16.35
518,132,BRABCBACNPR4BR00,ABCB4,1622047467946481,16.34,16.33,16.32,16.35,16.36,16.37,600,300,400,400,2500,2200,16.35
519,132,BRABCBACNPR4BR00,ABCB4,1622047467948424,16.34,16.33,16.32,16.35,16.36,16.37,600,300,400,600,2500,2200,16.35
520,132,BRABCBACNPR4BR00,ABCB4,1622047467949759,16.34,16.33,16.32,16.35,16.36,16.37,600,300,400,500,2500,2200,16.35
521,132,BRABCBACNPR4BR00,ABCB4,1622047467949902,16.34,16.33,16.32,16.35,16.36,16.37,600,300,400,500,2500,2200,16.35
522,132,BRABCBACNPR4BR00,ABCB4,1622047471407421,16.33,16.32,16.31,16.35,16.36,16.37,300,400,1100,500,2500,2200,16.34
523,132,BRABCBACNPR4BR00,ABCB4,1622047471408937,16.33,16.32,16.31,16.34,16.35,16.36,100,400,1200,100,800,2500,16.34
524,132,BRABCBACNPR4BR00,ABCB4,1622047471409086,16.33,16.32,16.31,16.34,16.35,16.36,100,400,1200,100,800,2500,16.34
525,132,BRABCBACNPR4BR00,ABCB4,1622047471409152,16.33,16.32,16.31,16.34,16.35,16.36,100,300,1200,100,800,2500,16.34
526,132,BRABCBACNPR4BR00,ABCB4,1622047471410755,16.33,16.32,16.31,16.34,16.35,16.36,300,300,1200,400,800,3200,16.34
527,132,BRABCBACNPR4BR00,ABCB4,1622047471410953,16.33,16.32,16.31,16.34,16.35,16.36,300,300,1200,300,800,3200,16.34
528,132,BRABCBACNPR4BR00,ABCB4,1622047471411057,16.33,16.32,16.31,16.34,16.35,16.36,100,300,1200,300,800,3200,16.34
529,132,BRABCBACNPR4BR00,ABCB4,1622047471412310,16.33,16.32,16.31,16.34,16.35,16.36,300,300,1300,400,900,2600,16.34
530,132,BRABCBACNPR4BR00,ABCB4,1622047471412484,16.33,16.32,16.31,16.34,16.35,16.36,300,300,1300,400,600,2600,16.34
531,132,BRABCBACNPR4BR00,ABCB4,1622047471412488,16.33,16.32,16.31,16.34,16.35,16.36,300,300,1300,400,600,2600,16.34
532,132,BRABCBACNPR4BR00,ABCB4,1622047471413032,16.33,16.32,16.31,16.34,16.35,16.36,300,300,1300,400,600,2600,16.34
533,132,BRABCBACNPR4BR00,ABCB4,1622047471414271,16.33,16.32,16.31,16.34,16.35,16.36,400,300,1300,400,600,2600,16.34
534,132,BRABCBACNPR4BR00,ABCB4,1622047472967985,16.33,16.32,16.31,16.34,16.35,16.36,500,300,1300,500,500,2600,16.34
535,132,BRABCBACNPR4BR00,ABCB4,1622047472969582,16.33,16.32,16.31,16.34,16.35,16.36,400,300,1300,400,500,2600,16.34
536,132,BRABCBACNPR4BR00,ABCB4,1622047472969744,16.33,16.32,16.31,16.34,16.35,16.36,400,300,1300,400,500,2600,16.34
537,132,BRABCBACNPR4BR00,ABCB4,1622047475526913,16.33,16.32,16.31,16.34,16.35,16.36,400,300,1300,400,500,2600,16.34
538,132,BRABCBACNPR4BR00,ABCB4,1622047475528432,16.33,16.32,16.31,16.34,16.35,16.36,400,300,1300,300,500,2600,16.34
539,132,BRABCBACNPR4BR00,ABCB4,1622047475528581,16.33,16.32,16.31,16.34,16.35,16.36,400,300,1300,300,500,2600,16.34
540,132,BRABCBACNPR4BR00,ABCB4,1622047475528826,16.33,16.32,16.31,16.34,16.35,16.36,400,300,1300,300,400,2600,16.34
541,132,BRABCBACNPR4BR00,ABCB4,1622047475530046,16.34,16.33,16.32,16.35,16.36,16.37,100,400,300,400,2600,2300,16.34
542,132,BRABCBACNPR4BR00,ABCB4,1622047481174566,16.34,16.33,16.32,16.35,16.36,16.37,200,300,500,300,2600,2300,16.35
543,132,BRABCBACNPR4BR00,ABCB4,1622047481176068,16.34,16.33,16.32,16.35,16.36,16.37,100,300,500,400,2500,2300,16.35
544,132,BRABCBACNPR4BR00,ABCB4,1622047481176257,16.34,16.33,16.32,16.35,16.36,16.37,100,300,500,400,2500,2300,16.35
545,132,BRABCBACNPR4BR00,ABCB4,1622047482481340,16.33,16.32,16.31,16.35,16.36,16.37,400,500,1200,400,2500,2300,16.35
546,132,BRABCBACNPR4BR00,ABCB4,1622047482482695,16.34,16.33,16.32,16.35,16.36,16.37,100,400,500,400,2500,2300,16.35
547,132,BRABCBACNPR4BR00,ABCB4,1622047485335980,16.34,16.33,16.32,16.35,16.36,16.37,500,900,1000,400,2500,2200,16.35
548,132,BRABCBACNPR4BR00,ABCB4,1622047485337443,16.34,16.33,16.32,16.35,16.36,16.37,400,900,1000,300,2500,2200,16.35
549,132,BRABCBACNPR4BR00,ABCB4,1622047485337651,16.34,16.33,16.32,16.35,16.36,16.37,400,900,1000,300,2500,2200,16.35
550,132,BRABCBACNPR4BR00,ABCB4,1622047485862815,16.34,16.33,16.32,16.36,16.37,16.38,400,900,1000,2500,2200,2400,16.35
551,132,BRABCBACNPR4BR00,ABCB4,1622047485872856,16.35,16.34,16.33,16.36,16.37,16.38,100,400,900,1900,1800,2400,16.35
552,132,BRABCBACNPR4BR00,ABCB4,1622047485884604,16.34,16.33,16.32,16.35,16.36,16.37,400,1000,900,200,1900,1600,16.35
553,132,BRABCBACNPR4BR00,ABCB4,1622047485888861,16.34,16.33,16.32,16.35,16.36,16.37,400,900,900,200,1900,1600,16.35
554,132,BRABCBACNPR4BR00,ABCB4,1622047485892141,16.34,16.33,16.32,16.35,16.36,16.37,400,900,900,100,1900,1600,16.35
555,132,BRABCBACNPR4BR00,ABCB4,1622047485892315,16.34,16.33,16.32,16.35,16.36,16.37,400,900,900,100,1900,1600,16.35
556,132,BRABCBACNPR4BR00,ABCB4,1622047485893277,16.34,16.33,16.32,16.35,16.36,16.37,400,900,1000,100,1900,1600,16.35
557,132,BRABCBACNPR4BR00,ABCB4,1622047485894626,16.34,16.33,16.32,16.36,16.37,16.38,400,900,1000,1900,1600,3100,16.35
558,132,BRABCBACNPR4BR00,ABCB4,1622047485894798,16.34,16.33,16.32,16.36,16.37,16.38,400,900,1000,1900,1600,3100,16.35
559,132,BRABCBACNPR4BR00,ABCB4,1622047488305881,16.34,16.33,16.32,16.35,16.36,16.37,400,900,1000,200,1900,1600,16.35
560,132,BRABCBACNPR4BR00,ABCB4,1622047488307429,16.34,16.33,16.32,16.35,16.36,16.37,400,900,1000,100,1900,1600,16.35
561,132,BRABCBACNPR4BR00,ABCB4,1622047488307558,16.34,16.33,16.32,16.35,16.36,16.37,400,900,1000,100,1900,1600,16.35
562,132,BRABCBACNPR4BR00,ABCB4,1622047488502399,16.34,16.33,16.32,16.35,16.36,16.37,400,900,1000,100,1900,1700,16.35
563,132,BRABCBACNPR4BR00,ABCB4,1622047488503932,16.34,16.33,16.32,16.36,16.37,16.38,400,900,1000,2000,1700,3000,16.35
564,132,BRABCBACNPR4BR00,ABCB4,1622047488504066,16.34,16.33,16.32,16.36,16.37,16.38,400,900,1000,2000,1700,3000,16.35
565,132,BRABCBACNPR4BR00,ABCB4,1622047492901372,16.34,16.33,16.32,16.35,16.36,16.37,400,900,1000,2000,2000,1700,16.35
566,132,BRABCBACNPR4BR00,ABCB4,1622047492904749,16.33,16.32,16.31,16.34,16.35,16.36,700,400,1200,100,2100,2100,16.34
567,132,BRABCBACNPR4BR00,ABCB4,1622047492904805,16.33,16.32,16.31,16.34,16.35,16.36,700,400,1200,100,2100,2100,16.34
568,132,BRABCBACNPR4BR00,ABCB4,1622047492904927,16.33,16.32,16.31,16.34,16.35,16.36,700,400,1200,100,2100,2700,16.34
569,132,BRABCBACNPR4BR00,ABCB4,1622047492905512,16.33,16.32,16.31,16.34,16.35,16.36,700,400,1300,100,2100,2700,16.34
570,132,BRABCBACNPR4BR00,ABCB4,1622047492906875,16.33,16.32,16.31,16.35,16.36,16.37,700,400,1300,2100,2700,1700,16.34
571,132,BRABCBACNPR4BR00,ABCB4,1622047492907014,16.33,16.32,16.31,16.35,16.36,16.37,700,400,1300,2100,2700,1700,16.34
572,132,BRABCBACNPR4BR00,ABCB4,1622047492907587,16.33,16.32,16.31,16.35,16.36,16.37,200,400,1300,2100,2700,1700,16.34
573,132,BRABCBACNPR4BR00,ABCB4,1622047492908855,16.33,16.32,16.31,16.34,16.35,16.36,200,400,1300,100,2400,3300,16.34
574,132,BRABCBACNPR4BR00,ABCB4,1622047492909034,16.33,16.32,16.31,16.34,16.35,16.36,200,400,1300,100,2400,3300,16.34
575,132,BRABCBACNPR4BR00,ABCB4,1622047492917906,16.33,16.32,16.31,16.34,16.35,16.36,200,400,1300,100,2400,3300,16.34
576,132,BRABCBACNPR4BR00,ABCB4,1622047492919154,16.33,16.32,16.31,16.35,16.36,16.37,200,400,1300,2400,3300,2100,16.34
577,132,BRABCBACNPR4BR00,ABCB4,1622047492919354,16.33,16.32,16.31,16.35,16.36,16.37,200,400,1300,2400,3300,2100,16.34
578,132,BRABCBACNPR4BR00,ABCB4,1622047492920073,16.33,16.32,16.31,16.34,16.35,16.36,200,400,1300,200,2400,3300,16.34
579,132,BRABCBACNPR4BR00,ABCB4,1622047492921317,16.33,16.32,16.31,16.34,16.35,16.36,200,400,1300,200,2100,3300,16.34
580,132,BRABCBACNPR4BR00,ABCB4,1622047492921475,16.33,16.32,16.31,16.34,16.35,16.36,200,400,1300,200,2100,3300,16.34
581,132,BRABCBACNPR4BR00,ABCB4,1622047492921840,16.33,16.32,16.31,16.34,16.35,16.36,200,400,1300,200,2400,3300,16.34
582,132,BRABCBACNPR4BR00,ABCB4,1622047492923054,16.33,16.32,16.31,16.34,16.35,16.36,200,400,1300,100,2400,3300,16.34
583,132,BRABCBACNPR4BR00,ABCB4,1622047492923275,16.33,16.32,16.31,16.34,16.35,16.36,200,400,1300,100,2400,3300,16.34
584,132,BRABCBACNPR4BR00,ABCB4,1622047492923558,16.33,16.32,16.31,16.35,16.36,16.37,200,400,1300,2400,3300,2100,16.34
585,132,BRABCBACNPR4BR00,ABCB4,1622047492924792,16.33,16.32,16.31,16.34,16.35,16.36,200,400,1300,100,2400,3300,16.34
586,132,BRABCBACNPR4BR00,ABCB4,1622047492924958,16.33,16.32,16.31,16.34,16.35,16.36,200,400,1300,100,2400,3300,16.34
587,132,BRABCBACNPR4BR00,ABCB4,1622047492925250,16.33,16.32,16.31,16.34,16.35,16.36,200,400,1300,100,2100,3300,16.34
588,132,BRABCBACNPR4BR00,ABCB4,1622047492926517,16.33,16.32,16.31,16.35,16.36,16.37,200,400,1300,2400,3300,2100,16.34
589,132,BRABCBACNPR4BR00,ABCB4,1622047492926676,16.33,16.32,16.31,16.35,16.36,16.37,200,400,1300,2400,3300,2100,16.34
590,132,BRABCBACNPR4BR00,ABCB4,1622047492927399,16.33,16.32,16.31,16.34,16.35,16.36,200,400,1300,200,2400,3300,16.34
591,132,BRABCBACNPR4BR00,ABCB4,1622047492928576,16.33,16.32,16.31,16.34,16.35,16.36,200,400,1300,100,2400,3300,16.34
592,132,BRABCBACNPR4BR00,ABCB4,1622047492928756,16.33,16.32,16.31,16.34,16.35,16.36,200,400,1300,100,2400,3300,16.34
593,132,BRABCBACNPR4BR00,ABCB4,1622047492987131,16.33,16.32,16.31,16.34,16.35,16.36,200,400,1300,100,2100,3300,16.34
594,132,BRABCBACNPR4BR00,ABCB4,1622047492988411,16.33,16.32,16.31,16.35,16.36,16.37,200,400,1300,2100,3300,2100,16.34
595,132,BRABCBACNPR4BR00,ABCB4,1622047492988572,16.33,16.32,16.31,16.35,16.36,16.37,200,400,1300,2100,3300,2100,16.34
596,132,BRABCBACNPR4BR00,ABCB4,1622047493913968,16.33,16.32,16.31,16.35,16.36,16.37,200,400,1300,2100,3300,2100,16.34
597,132,BRABCBACNPR4BR00,ABCB4,1622047493915651,16.34,16.33,16.32,16.35,16.36,16.37,100,200,400,2100,3300,2100,16.34
598,132,BRABCBACNPR4BR00,ABCB4,1622047493992793,16.34,16.32,16.31,16.35,16.36,16.37,100,400,1400,2000,2600,2200,16.34
599,132,BRABCBACNPR4BR00,ABCB4,1622047493994179,16.33,16.32,16.31,16.35,16.36,16.37,100,400,1400,2000,2600,2200,16.34
600,132,BRABCBACNPR4BR00,ABCB4,1622047493994782,16.33,16.32,16.31,16.35,16.36,16.37,200,400,1400,2000,2600,2200,16.34
601,132,BRABCBACNPR4BR00,ABCB4,1622047493996114,16.34,16.33,16.32,16.35,16.36,16.37,100,300,400,2300,2600,2200,16.34
602,132,BRABCBACNPR4BR00,ABCB4,1622047512661654,16.34,16.33,16.32,16.35,16.36,16.37,700,400,500,2000,2600,2200,16.34
603,132,BRABCBACNPR4BR00,ABCB4,1622047512663142,16.34,16.33,16.32,16.35,16.36,16.37,800,400,500,1900,2600,2200,16.35
604,132,BRABCBACNPR4BR00,ABCB4,1622047512663289,16.34,16.33,16.32,16.35,16.36,16.37,800,400,500,1900,2600,2200,16.35
605,132,BRABCBACNPR4BR00,ABCB4,1622047512663652,16.34,16.33,16.32,16.35,16.36,16.37,800,400,500,1900,2600,2100,16.35
606,132,BRABCBACNPR4BR00,ABCB4,1622047512665053,16.34,16.33,16.32,16.35,16.36,16.37,800,400,500,1800,2600,2100,16.35
607,132,BRABCBACNPR4BR00,ABCB4,1622047512665193,16.34,16.33,16.32,16.35,16.36,16.37,800,400,500,1800,2600,2100,16.35
608,132,BRABCBACNPR4BR00,ABCB4,1622047514664064,16.34,16.33,16.32,16.35,16.36,16.37,900,400,500,1800,2600,2100,16.35
609,132,BRABCBACNPR4BR00,ABCB4,1622047514665461,16.34,16.33,16.32,16.35,16.36,16.37,900,400,500,1700,2500,2100,16.35
610,132,BRABCBACNPR4BR00,ABCB4,1622047514665694,16.34,16.33,16.32,16.35,16.36,16.37,900,400,500,1700,2500,2100,16.35
611,132,BRABCBACNPR4BR00,ABCB4,1622047519615187,16.34,16.33,16.32,16.35,16.36,16.37,800,400,500,1700,2500,2100,16.34
612,132,BRABCBACNPR4BR00,ABCB4,1622047519616477,16.34,16.33,16.32,16.35,16.36,16.37,800,400,500,1600,2500,2100,16.35
613,132,BRABCBACNPR4BR00,ABCB4,1622047519616651,16.34,16.33,16.32,16.35,16.36,16.37,800,400,500,1600,2500,2100,16.35
614,132,BRABCBACNPR4BR00,ABCB4,1622047533426026,16.34,16.33,16.32,16.35,16.36,16.37,800,400,500,1600,2500,2100,16.35
615,132,BRABCBACNPR4BR00,ABCB4,1622047533427691,16.34,16.33,16.32,16.35,16.36,16.37,800,400,500,1500,2500,2100,16.35
616,132,BRABCBACNPR4BR00,ABCB4,1622047533427840,16.34,16.33,16.32,16.35,16.36,16.37,800,400,500,1500,2500,2100,16.35
617,132,BRABCBACNPR4BR00,ABCB4,1622047538721297,16.33,16.32,16.31,16.35,16.36,16.37,400,500,1300,1500,2500,2100,16.34
618,132,BRABCBACNPR4BR00,ABCB4,1622047538722931,16.33,16.32,16.31,16.34,16.35,16.36,400,500,1300,100,1500,2500,16.34
619,132,BRABCBACNPR4BR00,ABCB4,1622047538723058,16.33,16.32,16.31,16.34,16.35,16.36,400,500,1300,100,1500,2500,16.34
620,132,BRABCBACNPR4BR00,ABCB4,1622047538723140,16.33,16.32,16.31,16.34,16.35,16.36,400,400,1300,100,1500,2500,16.34
621,132,BRABCBACNPR4BR00,ABCB4,1622047538724592,16.33,16.32,16.31,16.35,16.36,16.37,400,400,1300,1500,2500,2100,16.34
622,132,BRABCBACNPR4BR00,ABCB4,1622047538724764,16.33,16.32,16.31,16.35,16.36,16.37,400,400,1300,1500,2500,2100,16.34
623,132,BRABCBACNPR4BR00,ABCB4,1622047538725477,16.33,16.32,16.31,16.35,16.36,16.37,400,400,1400,1500,2500,2100,16.34
624,132,BRABCBACNPR4BR00,ABCB4,1622047538726688,16.34,16.33,16.32,16.35,16.36,16.37,100,800,400,1500,2500,2100,16.34
625,132,BRABCBACNPR4BR00,ABCB4,1622047551512015,16.34,16.33,16.32,16.35,16.36,16.37,100,400,500,1600,2500,2100,16.34
626,132,BRABCBACNPR4BR00,ABCB4,1622047551512922,16.33,16.32,16.31,16.35,16.36,16.37,400,500,1300,1600,2500,2100,16.34
627,132,BRABCBACNPR4BR00,ABCB4,1622047551514360,16.34,16.33,16.32,16.35,16.36,16.37,100,400,500,1600,2500,2100,16.34
628,132,BRABCBACNPR4BR00,ABCB4,1622047552513334,16.33,16.32,16.31,16.34,16.35,16.36,400,500,1300,100,1600,2500,16.34
629,132,BRABCBACNPR4BR00,ABCB4,1622047552513895,16.33,16.32,16.31,16.34,16.35,16.36,400,400,1300,100,1600,2500,16.34
630,132,BRABCBACNPR4BR00,ABCB4,1622047552515490,16.33,16.32,16.31,16.34,16.35,16.36,100,400,1300,200,1600,2500,16.34
631,132,BRABCBACNPR4BR00,ABCB4,1622047552515687,16.33,16.32,16.31,16.34,16.35,16.36,100,400,1400,200,1600,2600,16.34
632,132,BRABCBACNPR4BR00,ABCB4,1622047552801785,16.33,16.32,16.31,16.35,16.36,16.37,100,400,1400,1600,2600,2100,16.34
633,132,BRABCBACNPR4BR00,ABCB4,1622047552803054,16.34,16.33,16.32,16.35,16.36,16.37,100,100,400,1900,2600,2100,16.34
634,132,BRABCBACNPR4BR00,ABCB4,1622047552911232,16.34,16.32,16.31,16.35,16.36,16.37,100,400,1400,1900,2600,2100,16.34
635,132,BRABCBACNPR4BR00,ABCB4,1622047552912579,16.33,16.32,16.31,16.35,16.36,16.37,100,400,1400,1900,2600,2100,16.34
636,132,BRABCBACNPR4BR00,ABCB4,1622047552913268,16.33,16.32,16.31,16.35,16.36,16.37,300,400,1400,1900,2600,2100,16.34
637,132,BRABCBACNPR4BR00,ABCB4,1622047552914411,16.34,16.33,16.32,16.35,16.36,16.37,100,400,400,1900,2600,2100,16.34
638,132,BRABCBACNPR4BR00,ABCB4,1622047574677552,16.34,16.33,16.32,16.35,16.36,16.37,500,400,600,1700,2600,2200,16.34
639,132,BRABCBACNPR4BR00,ABCB4,1622047574678953,16.34,16.33,16.32,16.35,16.36,16.37,400,400,600,1600,2600,2200,16.35
640,132,BRABCBACNPR4BR00,ABCB4,1622047574679141,16.34,16.33,16.32,16.35,16.36,16.37,400,400,600,1600,2600,2200,16.35
641,132,BRABCBACNPR4BR00,ABCB4,1622047591611063,16.34,16.33,16.32,16.35,16.36,16.37,400,400,600,1600,2700,2200,16.35
642,132,BRABCBACNPR4BR00,ABCB4,1622047591612756,16.34,16.33,16.32,16.35,16.36,16.37,400,400,600,1500,2700,2200,16.35
643,132,BRABCBACNPR4BR00,ABCB4,1622047591612877,16.34,16.33,16.32,16.35,16.36,16.37,400,400,600,1500,2700,2200,16.35
644,132,BRABCBACNPR4BR00,ABCB4,1622047603591801,16.33,16.32,16.31,16.35,16.36,16.37,400,600,1300,1500,2700,2200,16.34
645,132,BRABCBACNPR4BR00,ABCB4,1622047603593305,16.34,16.33,16.32,16.35,16.36,16.37,100,400,500,1800,2700,2200,16.34
646,132,BRABCBACNPR4BR00,ABCB4,1622047603594011,16.33,16.32,16.31,16.34,16.35,16.36,400,500,1400,200,1800,2700,16.34
647,132,BRABCBACNPR4BR00,ABCB4,1622047603620055,16.33,16.32,16.31,16.34,16.35,16.36,400,500,1400,200,1500,2700,16.34
648,132,BRABCBACNPR4BR00,ABCB4,1622047603621461,16.33,16.32,16.31,16.35,16.36,16.37,400,500,1400,1500,2700,2200,16.34
649,132,BRABCBACNPR4BR00,ABCB4,1622047603621638,16.33,16.32,16.31,16.35,16.36,16.37,400,500,1400,1500,2700,2200,16.34
650,132,BRABCBACNPR4BR00,ABCB4,1622047603622247,16.33,16.32,16.31,16.35,16.36,16.37,400,500,1400,1800,2700,2200,16.34
651,132,BRABCBACNPR4BR00,ABCB4,1622047603623564,16.34,16.33,16.32,16.35,16.36,16.37,100,400,500,1800,2700,2200,16.34
652,132,BRABCBACNPR4BR00,ABCB4,1622047603624459,16.33,16.32,16.31,16.35,16.36,16.37,400,500,1400,1800,2700,2200,16.34
653,132,BRABCBACNPR4BR00,ABCB4,1622047604987581,16.33,16.32,16.31,16.35,16.36,16.37,500,500,1400,1800,2700,2200,16.34
654,132,BRABCBACNPR4BR00,ABCB4,1622047604989190,16.34,16.33,16.32,16.35,16.36,16.37,100,300,500,1800,2700,2200,16.34
655,132,BRABCBACNPR4BR00,ABCB4,1622047610271397,16.33,16.32,16.31,16.35,16.36,16.37,300,500,1400,1500,2700,2200,16.34
656,132,BRABCBACNPR4BR00,ABCB4,1622047610272089,16.33,16.32,16.31,16.35,16.36,16.37,300,500,1400,1800,2700,2200,16.34
657,132,BRABCBACNPR4BR00,ABCB4,1622047610273384,16.34,16.33,16.32,16.35,16.36,16.37,100,300,500,1800,2700,2200,16.34
658,132,BRABCBACNPR4BR00,ABCB4,1622047610274487,16.33,16.32,16.31,16.35,16.36,16.37,300,500,1400,1800,2700,2200,16.34
659,132,BRABCBACNPR4BR00,ABCB4,1622047623935117,16.33,16.32,16.31,16.35,16.36,16.37,300,800,1400,1800,2700,2200,16.34
660,132,BRABCBACNPR4BR00,ABCB4,1622047623936315,16.34,16.33,16.32,16.35,16.36,16.37,100,300,800,1800,2700,2200,16.34
661,132,BRABCBACNPR4BR00,ABCB4,1622047687817203,16.33,16.32,16.31,16.35,16.36,16.37,300,600,1300,1300,2700,2200,16.33
662,132,BRABCBACNPR4BR00,ABCB4,1622047687817714,16.33,16.32,16.31,16.35,16.36,16.37,300,500,1300,1300,2700,2200,16.33
663,132,BRABCBACNPR4BR00,ABCB4,1622047687819150,16.33,16.32,16.31,16.34,16.35,16.36,500,500,1400,400,1300,2700,16.34
664,132,BRABCBACNPR4BR00,ABCB4,1622047687819301,16.33,16.32,16.31,16.34,16.35,16.36,500,500,1400,400,1300,2700,16.34
665,132,BRABCBACNPR4BR00,ABCB4,1622047688396554,16.33,16.32,16.31,16.34,16.35,16.36,500,500,1400,400,1300,2700,16.34
666,132,BRABCBACNPR4BR00,ABCB4,1622047688398099,16.33,16.32,16.31,16.34,16.35,16.36,500,500,1400,300,1300,2600,16.34
667,132,BRABCBACNPR4BR00,ABCB4,1622047688398251,16.33,16.32,16.31,16.34,16.35,16.36,500,500,1400,300,1300,2600,16.34
668,132,BRABCBACNPR4BR00,ABCB4,1622047688398806,16.33,16.32,16.31,16.34,16.35,16.36,500,500,1400,200,1300,2600,16.34
669,132,BRABCBACNPR4BR00,ABCB4,1622047688400568,16.33,16.32,16.31,16.34,16.35,16.36,500,400,1400,200,1300,2600,16.34
670,132,BRABCBACNPR4BR00,ABCB4,1622047688400718,16.33,16.32,16.31,16.34,16.35,16.36,500,400,1400,200,1300,2600,16.34
671,132,BRABCBACNPR4BR00,ABCB4,1622047688400828,16.33,16.32,16.31,16.34,16.35,16.36,500,400,1400,100,1300,2600,16.34
672,132,BRABCBACNPR4BR00,ABCB4,1622047688402224,16.33,16.32,16.31,16.35,16.36,16.37,500,400,1300,1300,2600,2100,16.34
673,132,BRABCBACNPR4BR00,ABCB4,1622047688402383,16.33,16.32,16.31,16.35,16.36,16.37,500,400,1300,1300,2600,2100,16.34
674,132,BRABCBACNPR4BR00,ABCB4,1622047688470320,16.33,16.32,16.31,16.34,16.35,16.36,500,400,1300,100,1200,2600,16.34
675,132,BRABCBACNPR4BR00,ABCB4,1622047688471624,16.33,16.32,16.31,16.35,16.36,16.37,500,400,1300,1200,2600,2100,16.34
676,132,BRABCBACNPR4BR00,ABCB4,1622047688471781,16.33,16.32,16.31,16.35,16.36,16.37,500,400,1300,1200,2600,2100,16.34
677,132,BRABCBACNPR4BR00,ABCB4,1622047688508813,16.33,16.32,16.31,16.35,16.36,16.37,500,400,1300,1200,2600,2100,16.34
678,132,BRABCBACNPR4BR00,ABCB4,1622047688510130,16.33,16.32,16.31,16.35,16.36,16.37,500,400,1300,1200,2600,2100,16.34
679,132,BRABCBACNPR4BR00,ABCB4,1622047711273292,16.33,16.32,16.31,16.35,16.36,16.37,200,400,1400,1200,2600,2100,16.34
680,132,BRABCBACNPR4BR00,ABCB4,1622047711273808,16.33,16.32,16.31,16.35,16.36,16.37,200,300,1400,1200,2600,2100,16.34
681,132,BRABCBACNPR4BR00,ABCB4,1622047711275306,16.33,16.32,16.31,16.34,16.35,16.36,200,300,1100,200,1500,2600,16.34
682,132,BRABCBACNPR4BR00,ABCB4,1622047711275461,16.33,16.32,16.31,16.34,16.35,16.36,200,300,1100,200,1500,2600,16.34
683,132,BRABCBACNPR4BR00,ABCB4,1622047711277500,16.33,16.32,16.31,16.34,16.35,16.36,200,300,1200,200,1500,2600,16.34
684,132,BRABCBACNPR4BR00,ABCB4,1622047711279266,16.32,16.31,16.3,16.34,16.35,16.36,600,400,4100,100,1200,2600,16.34
685,132,BRABCBACNPR4BR00,ABCB4,1622047711279453,16.32,16.31,16.3,16.34,16.35,16.36,600,400,4100,100,1200,2600,16.34
686,132,BRABCBACNPR4BR00,ABCB4,1622047711280241,16.32,16.31,16.3,16.35,16.36,16.37,600,400,4100,1200,2600,2100,16.34
687,132,BRABCBACNPR4BR00,ABCB4,1622047711281767,16.33,16.32,16.31,16.35,16.36,16.37,300,600,400,1200,2600,2100,16.34
688,132,BRABCBACNPR4BR00,ABCB4,1622047711281959,16.33,16.32,16.31,16.35,16.36,16.37,500,600,400,1200,2600,2100,16.34
689,132,BRABCBACNPR4BR00,ABCB4,1622047711283328,16.33,16.32,16.31,16.35,16.36,16.37,500,300,400,1200,2600,2100,16.34
690,132,BRABCBACNPR4BR00,ABCB4,1622047711284666,16.33,16.32,16.31,16.35,16.36,16.37,400,300,700,1200,2600,2100,16.34
691,132,BRABCBACNPR4BR00,ABCB4,1622047711613596,16.33,16.32,16.31,16.35,16.36,16.37,500,300,700,1200,2600,2100,16.34
692,132,BRABCBACNPR4BR00,ABCB4,1622047711614952,16.34,16.33,16.32,16.35,16.36,16.37,100,300,300,1200,2600,2100,16.34
693,132,BRABCBACNPR4BR00,ABCB4,1622047727370760,16.33,16.32,16.31,16.35,16.36,16.37,300,400,1400,1200,2600,2100,16.34
694,132,BRABCBACNPR4BR00,ABCB4,1622047727371263,16.33,16.32,16.31,16.35,16.36,16.37,300,300,1400,1200,2600,2100,16.34
695,132,BRABCBACNPR4BR00,ABCB4,1622047727372440,16.34,16.33,16.32,16.35,16.36,16.37,100,300,300,1200,2600,2100,16.34
696,132,BRABCBACNPR4BR00,ABCB4,1622047727496253,16.33,16.32,16.31,16.35,16.36,16.37,100,300,1500,1200,2600,2100,16.34
697,132,BRABCBACNPR4BR00,ABCB4,1622047727497227,16.33,16.32,16.31,16.35,16.36,16.37,100,300,1500,1500,2600,2100,16.34
698,132,BRABCBACNPR4BR00,ABCB4,1622047727498845,16.33,16.32,16.31,16.34,16.35,16.36,300,300,1500,200,1500,2600,16.34
699,132,BRABCBACNPR4BR00,ABCB4,1622047727499018,16.33,16.32,16.31,16.34,16.35,16.36,300,300,1500,200,1500,2600,16.34
700,132,BRABCBACNPR4BR00,ABCB4,1622047727500519,16.33,16.32,16.31,16.34,16.35,16.36,300,300,1500,400,1500,2600,16.34
701,132,BRABCBACNPR4BR00,ABCB4,1622047727502173,16.33,16.32,16.31,16.34,16.35,16.36,200,300,1500,400,1200,2600,16.34
702,132,BRABCBACNPR4BR00,ABCB4,1622047727502508,16.33,16.32,16.31,16.34,16.35,16.36,200,300,1500,200,1200,2600,16.34
703,132,BRABCBACNPR4BR00,ABCB4,1622047727503923,16.34,16.33,16.32,16.35,16.36,16.37,100,100,300,1200,2600,2100,16.34
704,132,BRABCBACNPR4BR00,ABCB4,1622047731372213,16.33,16.32,16.31,16.35,16.36,16.37,100,300,1500,1200,2600,2100,16.34
705,132,BRABCBACNPR4BR00,ABCB4,1622047731373022,16.33,16.32,16.31,16.35,16.36,16.37,100,300,1500,1500,2600,2100,16.34
706,132,BRABCBACNPR4BR00,ABCB4,1622047731374552,16.33,16.32,16.31,16.34,16.35,16.36,100,300,1500,200,1500,2600,16.34
707,132,BRABCBACNPR4BR00,ABCB4,1622047731374697,16.33,16.32,16.31,16.34,16.35,16.36,100,300,1500,200,1500,2600,16.34
708,132,BRABCBACNPR4BR00,ABCB4,1622047731375037,16.33,16.32,16.31,16.34,16.35,16.36,100,300,1500,400,1500,2600,16.34
709,132,BRABCBACNPR4BR00,ABCB4,1622047731376433,16.33,16.32,16.31,16.34,16.35,16.36,200,300,1500,400,1500,2600,16.34
710,132,BRABCBACNPR4BR00,ABCB4,1622047732229927,16.33,16.32,16.31,16.34,16.35,16.36,400,300,1500,200,1200,2600,16.34
711,132,BRABCBACNPR4BR00,ABCB4,1622047732231334,16.34,16.33,16.32,16.35,16.36,16.37,100,500,300,1200,2600,2100,16.34
712,132,BRABCBACNPR4BR00,ABCB4,1622047753733240,16.34,16.33,16.32,16.35,16.36,16.37,600,500,400,1100,2600,2100,16.35
713,132,BRABCBACNPR4BR00,ABCB4,1622047753734932,16.34,16.33,16.32,16.35,16.36,16.37,700,500,400,1000,2600,2100,16.35
714,132,BRABCBACNPR4BR00,ABCB4,1622047753735056,16.34,16.33,16.32,16.35,16.36,16.37,700,500,400,1000,2600,2100,16.35
715,132,BRABCBACNPR4BR00,ABCB4,1622047753925471,16.34,16.33,16.32,16.35,16.36,16.37,500,500,400,1000,2600,2100,16.35
716,132,BRABCBACNPR4BR00,ABCB4,1622047753928395,16.34,16.33,16.32,16.35,16.36,16.37,500,500,400,900,2600,2100,16.35
717,132,BRABCBACNPR4BR00,ABCB4,1622047753928559,16.34,16.33,16.32,16.35,16.36,16.37,500,500,400,900,2600,2100,16.35
718,132,BRABCBACNPR4BR00,ABCB4,1622047753951841,16.34,16.33,16.32,16.35,16.36,16.37,700,500,400,900,2600,2100,16.35
719,132,BRABCBACNPR4BR00,ABCB4,1622047753953190,16.34,16.33,16.32,16.35,16.36,16.37,700,500,400,800,2600,2100,16.35
720,132,BRABCBACNPR4BR00,ABCB4,1622047753953346,16.34,16.33,16.32,16.35,16.36,16.37,700,500,400,800,2600,2100,16.35
721,132,BRABCBACNPR4BR00,ABCB4,1622047755853991,16.34,16.33,16.32,16.35,16.36,16.37,700,500,400,800,2700,2100,16.35
722,132,BRABCBACNPR4BR00,ABCB4,1622047755855598,16.34,16.33,16.32,16.35,16.36,16.37,700,500,400,700,2700,2100,16.35
723,132,BRABCBACNPR4BR00,ABCB4,1622047755855753,16.34,16.33,16.32,16.35,16.36,16.37,700,500,400,700,2700,2100,16.35
724,132,BRABCBACNPR4BR00,ABCB4,1622047759569656,16.34,16.33,16.32,16.36,16.37,16.38,700,500,400,2700,2100,1800,16.35
725,132,BRABCBACNPR4BR00,ABCB4,1622047759571142,16.35,16.34,16.33,16.36,16.37,16.38,100,700,500,2100,1600,2500,16.35
726,132,BRABCBACNPR4BR00,ABCB4,1622047760588769,16.35,16.34,16.33,16.36,16.37,16.38,500,300,600,2100,1600,2500,16.35
727,132,BRABCBACNPR4BR00,ABCB4,1622047760590422,16.35,16.34,16.33,16.36,16.37,16.38,400,300,600,2000,1600,2500,16.36
728,132,BRABCBACNPR4BR00,ABCB4,1622047760590539,16.35,16.34,16.33,16.36,16.37,16.38,400,300,600,2000,1600,2500,16.36
729,132,BRABCBACNPR4BR00,ABCB4,1622047760888997,16.35,16.34,16.33,16.36,16.37,16.38,500,300,600,2000,1600,2500,16.36
730,132,BRABCBACNPR4BR00,ABCB4,1622047760890387,16.35,16.34,16.33,16.36,16.37,16.38,500,300,600,1900,1600,2500,16.36
731,132,BRABCBACNPR4BR00,ABCB4,1622047760890546,16.35,16.34,16.33,16.36,16.37,16.38,500,300,600,1900,1600,2500,16.36
732,132,BRABCBACNPR4BR00,ABCB4,1622047762091079,16.35,16.34,16.33,16.36,16.37,16.38,500,300,600,1900,1600,2500,16.36
733,132,BRABCBACNPR4BR00,ABCB4,1622047762092710,16.35,16.34,16.33,16.36,16.37,16.38,500,300,600,1800,1600,2500,16.36
734,132,BRABCBACNPR4BR00,ABCB4,1622047762092854,16.35,16.34,16.33,16.36,16.37,16.38,500,300,600,1800,1600,2500,16.36
735,132,BRABCBACNPR4BR00,ABCB4,1622047764319723,16.33,16.32,16.31,16.34,16.36,16.37,600,1700,700,200,1800,1600,16.34
736,132,BRABCBACNPR4BR00,ABCB4,1622047764321266,16.34,16.33,16.32,16.36,16.37,16.38,100,500,600,1800,1600,2500,16.34
737,132,BRABCBACNPR4BR00,ABCB4,1622047765418630,16.34,16.33,16.32,16.35,16.36,16.37,200,500,700,200,1800,1600,16.34
738,132,BRABCBACNPR4BR00,ABCB4,1622047765420206,16.34,16.33,16.32,16.35,16.36,16.37,100,500,700,100,1800,1600,16.35
739,132,BRABCBACNPR4BR00,ABCB4,1622047765420365,16.34,16.33,16.32,16.35,16.36,16.37,100,500,700,100,1800,1600,16.35
740,132,BRABCBACNPR4BR00,ABCB4,1622047767431366,16.33,16.32,16.31,16.35,16.36,16.37,500,700,1400,100,1800,1600,16.35
741,132,BRABCBACNPR4BR00,ABCB4,1622047767432899,16.34,16.33,16.32,16.35,16.36,16.37,100,500,400,100,1800,1600,16.35
742,132,BRABCBACNPR4BR00,ABCB4,1622047769452473,16.34,16.33,16.32,16.35,16.36,16.37,200,500,400,200,1700,1600,16.35
743,132,BRABCBACNPR4BR00,ABCB4,1622047769454146,16.34,16.33,16.32,16.35,16.36,16.37,100,500,400,100,1700,1600,16.35
744,132,BRABCBACNPR4BR00,ABCB4,1622047769454324,16.34,16.33,16.32,16.35,16.36,16.37,100,500,400,100,1700,1600,16.35
745,132,BRABCBACNPR4BR00,ABCB4,1622047771548575,16.34,16.33,16.32,16.35,16.36,16.37,100,500,400,200,1700,1600,16.35
746,132,BRABCBACNPR4BR00,ABCB4,1622047771550244,16.34,16.33,16.32,16.35,16.36,16.37,100,500,400,100,1700,1600,16.35
747,132,BRABCBACNPR4BR00,ABCB4,1622047771550459,16.34,16.33,16.32,16.35,16.36,16.37,100,500,400,100,1700,1600,16.35
748,138,BRABEVACNOR1BR00,ABEV3,1622046630170415,17.44,17.43,17.42,17.45,17.46,17.47,32700,9700,34900,18300,18700,30600,17.45
749,138,BRABEVACNOR1BR00,ABEV3,1622046630171642,17.44,17.43,17.42,17.45,17.46,17.47,32800,9700,34900,18300,18700,30600,17.45
750,138,BRABEVACNOR1BR00,ABEV3,1622046820192377,17.44,17.43,17.42,17.45,17.46,17.47,28200,20400,26000,5400,21700,28700,17.44
751,138,BRABEVACNOR1BR00,ABEV3,1622046820193308,17.44,17.43,17.42,17.45,17.46,17.47,28200,20400,26000,5400,22900,28700,17.44
752,138,BRABEVACNOR1BR00,ABEV3,1622046820194708,17.44,17.43,17.42,17.45,17.46,17.47,28300,20400,26000,9500,22900,28700,17.44
753,138,BRABEVACNOR1BR00,ABEV3,1622046909709565,17.44,17.43,17.42,17.45,17.46,17.47,31600,19400,22800,8900,18200,28700,17.44
754,138,BRABEVACNOR1BR00,ABEV3,1622046909709817,17.44,17.43,17.42,17.45,17.46,17.47,31600,19400,22800,8900,18200,28700,17.44
755,138,BRABEVACNOR1BR00,ABEV3,1622046909712113,17.43,17.42,17.41,17.44,17.45,17.46,19300,22800,40100,13600,9700,22900,17.44
756,138,BRABEVACNOR1BR00,ABEV3,1622046909712269,17.43,17.42,17.41,17.44,17.45,17.46,19300,22800,40100,13600,9700,22900,17.44
757,138,BRABEVACNOR1BR00,ABEV3,1622046909712323,17.43,17.42,17.41,17.44,17.45,17.46,19300,22800,40100,13600,10700,22900,17.44
758,138,BRABEVACNOR1BR00,ABEV3,1622046909712565,17.43,17.42,17.41,17.44,17.45,17.46,18500,22800,40100,13600,10700,24500,17.44
759,138,BRABEVACNOR1BR00,ABEV3,1622046909719515,17.43,17.42,17.41,17.44,17.45,17.46,17800,21200,35700,18700,13200,21800,17.44
760,138,BRABEVACNOR1BR00,ABEV3,1622046955512363,17.43,17.42,17.41,17.44,17.45,17.46,15200,21900,21300,21900,17100,24400,17.43
761,138,BRABEVACNOR1BR00,ABEV3,1622046955513079,17.43,17.42,17.41,17.44,17.45,17.46,14100,21900,21300,21900,17100,24400,17.43
762,138,BRABEVACNOR1BR00,ABEV3,1622046955514437,17.43,17.42,17.41,17.44,17.45,17.46,9900,21900,21300,21900,17100,24400,17.43
763,138,BRABEVACNOR1BR00,ABEV3,1622047005309548,17.43,17.42,17.41,17.44,17.45,17.46,24000,21900,21300,21400,14400,23700,17.43
764,138,BRABEVACNOR1BR00,ABEV3,1622047006391001,17.43,17.42,17.41,17.44,17.45,17.46,24000,21900,21300,21400,18900,23700,17.43
765,138,BRABEVACNOR1BR00,ABEV3,1622047006392255,17.43,17.42,17.41,17.44,17.45,17.46,24100,21900,21300,21400,18900,23700,17.43
766,138,BRABEVACNOR1BR00,ABEV3,1622047049817655,17.43,17.42,17.41,17.44,17.45,17.46,25800,21900,25800,14500,8100,28700,17.43
767,138,BRABEVACNOR1BR00,ABEV3,1622047049817696,17.42,17.41,17.4,17.43,17.44,17.45,21900,25800,47900,1000,14500,8100,17.43
768,138,BRABEVACNOR1BR00,ABEV3,1622047049820752,17.42,17.41,17.4,17.43,17.44,17.45,20900,21700,47900,1000,21000,11300,17.43
769,138,BRABEVACNOR1BR00,ABEV3,1622047120209237,17.42,17.41,17.4,17.43,17.44,17.45,25500,19200,36800,17800,18000,18400,17.42
770,138,BRABEVACNOR1BR00,ABEV3,1622047120425583,17.42,17.41,17.4,17.43,17.44,17.45,25700,19200,36800,17800,18000,18400,17.42
771,138,BRABEVACNOR1BR00,ABEV3,1622047120426912,17.42,17.41,17.4,17.43,17.44,17.45,25800,19200,36800,17800,18000,18400,17.42
772,138,BRABEVACNOR1BR00,ABEV3,1622047187356895,17.42,17.41,17.4,17.43,17.44,17.45,26000,18400,35100,22800,15100,21500,17.43
773,138,BRABEVACNOR1BR00,ABEV3,1622047187357249,17.42,17.41,17.4,17.43,17.44,17.45,26000,18400,35100,22800,15100,21500,17.42
774,138,BRABEVACNOR1BR00,ABEV3,1622047187361106,17.41,17.4,17.39,17.42,17.43,17.44,16400,30900,45400,28100,24400,20500,17.42
775,138,BRABEVACNOR1BR00,ABEV3,1622047187361269,17.41,17.4,17.39,17.42,17.43,17.44,16400,30900,45400,28100,24400,20500,17.42
776,138,BRABEVACNOR1BR00,ABEV3,1622047187365371,17.41,17.4,17.39,17.42,17.43,17.44,16400,30900,45400,28100,24500,20500,17.42
777,138,BRABEVACNOR1BR00,ABEV3,1622047187369820,17.41,17.4,17.39,17.42,17.43,17.44,15200,27000,45400,30600,27400,26200,17.42
778,138,BRABEVACNOR1BR00,ABEV3,1622047200112150,17.42,17.41,17.4,17.43,17.44,17.45,800,23600,26900,14500,27200,31300,17.42
779,138,BRABEVACNOR1BR00,ABEV3,1622047200113680,17.42,17.41,17.4,17.43,17.44,17.45,1900,23500,26900,14500,19500,31300,17.42
780,138,BRABEVACNOR1BR00,ABEV3,1622047220279117,17.42,17.41,17.4,17.43,17.44,17.45,11800,17400,31600,15900,17800,25800,17.42
781,138,BRABEVACNOR1BR00,ABEV3,1622047220279744,17.42,17.41,17.4,17.43,17.44,17.45,11800,17400,31600,15900,17800,23400,17.42
782,138,BRABEVACNOR1BR00,ABEV3,1622047220280956,17.42,17.41,17.4,17.43,17.44,17.45,11900,17400,31600,17700,17800,23400,17.42
783,138,BRABEVACNOR1BR00,ABEV3,1622047295157107,17.42,17.41,17.4,17.43,17.44,17.45,20400,27000,35700,16500,17400,25100,17.42
784,138,BRABEVACNOR1BR00,ABEV3,1622047297043198,17.42,17.41,17.4,17.43,17.44,17.45,18500,27000,35700,14600,17400,25100,17.42
785,138,BRABEVACNOR1BR00,ABEV3,1622047297044628,17.42,17.41,17.4,17.43,17.44,17.45,19400,27000,35700,14600,18600,25100,17.42
786,138,BRABEVACNOR1BR00,ABEV3,1622047372700970,17.42,17.41,17.4,17.43,17.44,17.45,21800,28800,31200,13900,15800,26100,17.42
787,138,BRABEVACNOR1BR00,ABEV3,1622047372753962,17.42,17.41,17.4,17.43,17.44,17.45,17200,28800,31200,13900,15800,26100,17.42
788,138,BRABEVACNOR1BR00,ABEV3,1622047372755660,17.42,17.41,17.4,17.43,17.44,17.45,18100,28800,31200,13900,15800,26100,17.42
789,138,BRABEVACNOR1BR00,ABEV3,1622047457044010,17.42,17.41,17.4,17.43,17.44,17.45,23600,24100,34600,16100,25900,29100,17.42
790,138,BRABEVACNOR1BR00,ABEV3,1622047457044596,17.42,17.41,17.4,17.43,17.44,17.45,23600,24100,34600,16100,25900,26700,17.42
791,138,BRABEVACNOR1BR00,ABEV3,1622047457045915,17.42,17.41,17.4,17.43,17.44,17.45,23700,24100,34600,16100,28900,26000,17.42
792,138,BRABEVACNOR1BR00,ABEV3,1622047513050953,17.42,17.41,17.4,17.43,17.44,17.45,14100,24100,34600,14400,19500,26800,17.42
793,138,BRABEVACNOR1BR00,ABEV3,1622047513136697,17.42,17.41,17.4,17.43,17.44,17.45,14100,24100,34600,14900,19500,26800,17.42
794,138,BRABEVACNOR1BR00,ABEV3,1622047513138052,17.42,17.41,17.4,17.43,17.44,17.45,14200,24100,34600,14900,19500,26800,17.42
795,138,BRABEVACNOR1BR00,ABEV3,1622047547826942,17.42,17.41,17.4,17.43,17.44,17.45,12300,24100,35600,20200,20000,27000,17.42
796,138,BRABEVACNOR1BR00,ABEV3,1622047547827032,17.41,17.4,17.39,17.42,17.43,17.44,24100,35600,42300,37700,20200,20000,17.42
797,138,BRABEVACNOR1BR00,ABEV3,1622047547834069,17.41,17.4,17.39,17.42,17.43,17.44,19600,35500,42300,41800,20300,20300,17.42
798,138,BRABEVACNOR1BR00,ABEV3,1622047550051133,17.41,17.4,17.39,17.42,17.43,17.44,24600,36200,33300,4500,16200,19500,17.41
799,138,BRABEVACNOR1BR00,ABEV3,1622047550051206,17.41,17.4,17.39,17.42,17.43,17.44,24600,36200,33300,4500,16200,19500,17.41
800,138,BRABEVACNOR1BR00,ABEV3,1622047550056159,17.4,17.39,17.38,17.41,17.42,17.43,36200,30100,27000,4000,8600,16200,17.41
801,138,BRABEVACNOR1BR00,ABEV3,1622047550056306,17.4,17.39,17.38,17.41,17.42,17.43,36200,30100,27000,4000,8600,16200,17.41
802,138,BRABEVACNOR1BR00,ABEV3,1622047550056422,17.4,17.39,17.38,17.41,17.42,17.43,36200,30100,27000,5000,8600,16200,17.41
803,138,BRABEVACNOR1BR00,ABEV3,1622047550062825,17.4,17.39,17.38,17.41,17.42,17.43,33800,30100,29500,800,8900,19300,17.41
804,138,BRABEVACNOR1BR00,ABEV3,1622047584132360,17.4,17.39,17.38,17.41,17.42,17.43,27300,26500,30300,22700,6700,15400,17.4
805,138,BRABEVACNOR1BR00,ABEV3,1622047584132911,17.4,17.39,17.38,17.41,17.42,17.43,27300,26500,30300,22700,6700,15400,17.4
806,138,BRABEVACNOR1BR00,ABEV3,1622047584135700,17.39,17.38,17.37,17.4,17.41,17.42,26500,30300,39500,7500,23000,9900,17.4
807,138,BRABEVACNOR1BR00,ABEV3,1622047584135765,17.39,17.38,17.37,17.4,17.41,17.42,26500,27800,39500,7500,23000,9900,17.4
808,138,BRABEVACNOR1BR00,ABEV3,1622047584135833,17.39,17.38,17.37,17.4,17.41,17.42,26500,27800,39500,7500,23000,9900,17.4
809,138,BRABEVACNOR1BR00,ABEV3,1622047584136449,17.39,17.38,17.37,17.4,17.41,17.42,26500,27800,42000,7500,23000,9900,17.4
810,138,BRABEVACNOR1BR00,ABEV3,1622047584142065,17.39,17.38,17.37,17.4,17.41,17.42,21300,27700,42000,7500,23000,9900,17.4
811,138,BRABEVACNOR1BR00,ABEV3,1622047663615455,17.39,17.38,17.37,17.4,17.41,17.42,31200,23700,29200,27700,12500,14700,17.39
812,138,BRABEVACNOR1BR00,ABEV3,1622047663966483,17.39,17.38,17.37,17.4,17.41,17.42,31200,23700,29200,27700,12500,9900,17.39
813,138,BRABEVACNOR1BR00,ABEV3,1622047663968762,17.39,17.38,17.37,17.4,17.41,17.42,31300,23700,29200,27700,12500,9900,17.39
814,138,BRABEVACNOR1BR00,ABEV3,1622047690761620,17.4,17.39,17.38,17.41,17.42,17.43,800,39100,23700,8700,7400,20700,17.4
815,138,BRABEVACNOR1BR00,ABEV3,1622047690763608,17.4,17.39,17.38,17.41,17.42,17.43,400,39000,23000,8400,7400,16000,17.4
816,138,BRABEVACNOR1BR00,ABEV3,1622047690766508,17.39,17.38,17.37,17.41,17.42,17.43,39000,23000,29200,12200,7400,16000,17.4
817,138,BRABEVACNOR1BR00,ABEV3,1622047690766629,17.39,17.38,17.37,17.41,17.42,17.43,39000,23000,29200,12200,7400,16000,17.4
818,138,BRABEVACNOR1BR00,ABEV3,1622047690767447,17.39,17.38,17.37,17.4,17.41,17.42,39000,23000,29200,300,12200,7400,17.4
819,138,BRABEVACNOR1BR00,ABEV3,1622047690769298,17.39,17.38,17.37,17.41,17.42,17.43,39100,23000,29200,12200,7700,16000,17.4
820,138,BRABEVACNOR1BR00,ABEV3,1622047690777137,17.4,17.39,17.38,17.41,17.42,17.43,800,39100,23000,12200,7700,16000,17.4
821,138,BRABEVACNOR1BR00,ABEV3,1622047690778554,17.4,17.39,17.38,17.41,17.42,17.43,900,39000,23000,12200,7700,16000,17.4
822,138,BRABEVACNOR1BR00,ABEV3,1622047705189326,17.4,17.39,17.38,17.41,17.42,17.43,32100,30200,23200,10500,7600,19600,17.4
823,138,BRABEVACNOR1BR00,ABEV3,1622047705811353,17.4,17.39,17.38,17.41,17.42,17.43,32100,30200,23200,10500,7600,19600,17.4
824,138,BRABEVACNOR1BR00,ABEV3,1622047705812820,17.4,17.39,17.38,17.41,17.42,17.43,32200,30200,23200,10500,7600,19600,17.4
825,138,BRABEVACNOR1BR00,ABEV3,1622047744916194,17.42,17.4,17.39,17.43,17.44,17.45,83500,32000,31200,16400,14400,31100,17.42
826,138,BRABEVACNOR1BR00,ABEV3,1622047744926405,17.42,17.41,17.4,17.43,17.44,17.45,35700,5900,36100,11200,9400,32100,17.42
827,138,BRABEVACNOR1BR00,ABEV3,1622047792747173,17.42,17.41,17.4,17.43,17.44,17.45,23200,7200,33400,22400,12900,19100,17.42
828,138,BRABEVACNOR1BR00,ABEV3,1622047792999060,17.42,17.41,17.4,17.43,17.44,17.45,23200,7200,33400,23000,12900,19100,17.42
829,138,BRABEVACNOR1BR00,ABEV3,1622047793000500,17.42,17.41,17.4,17.43,17.44,17.45,23300,7200,33400,23000,12900,19100,17.42
830,138,BRABEVACNOR1BR00,ABEV3,1622047903400970,17.42,17.41,17.4,17.43,17.44,17.45,22100,12100,28700,12200,15700,17400,17.42
831,138,BRABEVACNOR1BR00,ABEV3,1622047903401833,17.42,17.41,17.4,17.43,17.44,17.45,22100,12100,28700,13300,15700,17400,17.42
832,138,BRABEVACNOR1BR00,ABEV3,1622047903403280,17.42,17.41,17.4,17.43,17.44,17.45,22200,12100,28700,13300,15700,17400,17.42
833,138,BRABEVACNOR1BR00,ABEV3,1622047929682262,17.42,17.41,17.4,17.43,17.44,17.45,8400,12100,33300,15500,9500,17200,17.42
834,138,BRABEVACNOR1BR00,ABEV3,1622047930702319,17.42,17.41,17.4,17.43,17.44,17.45,8400,12100,33300,15500,9500,12200,17.42
835,138,BRABEVACNOR1BR00,ABEV3,1622047930703777,17.42,17.41,17.4,17.43,17.44,17.45,8500,12100,33300,15500,9500,12200,17.42
836,138,BRABEVACNOR1BR00,ABEV3,1622047962142129,17.42,17.41,17.4,17.43,17.44,17.45,14400,22100,29900,18200,9500,12200,17.42
837,138,BRABEVACNOR1BR00,ABEV3,1622047962149193,17.42,17.41,17.4,17.43,17.44,17.45,15500,22100,29900,18200,9500,12200,17.42
838,138,BRABEVACNOR1BR00,ABEV3,1622047962150789,17.42,17.41,17.4,17.43,17.44,17.45,15600,22100,29900,18200,9500,12200,17.42
839,138,BRABEVACNOR1BR00,ABEV3,1622047984885934,17.42,17.41,17.4,17.43,17.44,17.45,20800,21100,30300,16600,8700,9000,17.43
840,138,BRABEVACNOR1BR00,ABEV3,1622047984887406,17.42,17.41,17.4,17.43,17.44,17.45,20700,21100,30300,16500,8700,9000,17.43
841,138,BRABEVACNOR1BR00,ABEV3,1622047984887585,17.42,17.41,17.4,17.43,17.44,17.45,20700,21100,30300,16500,8700,9000,17.43
842,138,BRABEVACNOR1BR00,ABEV3,1622047985444293,17.42,17.41,17.4,17.43,17.44,17.45,20600,21100,30300,16500,8700,9000,17.42
843,138,BRABEVACNOR1BR00,ABEV3,1622047985445714,17.42,17.41,17.4,17.43,17.44,17.45,20600,21100,30300,16400,8700,9000,17.43
844,138,BRABEVACNOR1BR00,ABEV3,1622047985445852,17.42,17.41,17.4,17.43,17.44,17.45,20600,21100,30300,16400,8700,9000,17.43
845,138,BRABEVACNOR1BR00,ABEV3,1622047985616092,17.42,17.41,17.4,17.43,17.44,17.45,20800,21100,30300,16400,8700,9000,17.43
846,138,BRABEVACNOR1BR00,ABEV3,1622047985617445,17.42,17.41,17.4,17.43,17.44,17.45,20800,21100,30300,16300,8700,9000,17.43
847,138,BRABEVACNOR1BR00,ABEV3,1622047985617645,17.42,17.41,17.4,17.43,17.44,17.45,20800,21100,30300,16300,8700,9000,17.43
848,138,BRABEVACNOR1BR00,ABEV3,1622047985628575,17.42,17.41,17.4,17.43,17.44,17.45,20800,21100,30300,17200,8700,9000,17.43
