,MappingNumber,EsteeID,Ticker, CurrTimeInMicroSeconds, BP1, BP2, BP3, AP1, AP2, AP3, BQ1, BQ2, BQ3, AQ1, AQ2, AQ3, LTP
0,129,BRAALRACNOR6BR00,AALR3,1620146140152187,8.84,8.83,8.82,8.86,8.87,8.88,3000,1600,2800,2500,1400,1400,8.89
1,129,BRAALRACNOR6BR00,AALR3,1620146140154036,8.85,8.84,8.83,8.88,8.89,8.9,1100,3300,1600,500,1200,800,8.89
2,129,BRAALRACNOR6BR00,AALR3,1620146140154179,8.85,8.84,8.83,8.88,8.89,8.9,1300,3300,1600,500,1200,800,8.89
3,129,BRAALRACNOR6BR00,AALR3,1620146140154203,8.85,8.84,8.83,8.88,8.89,8.9,1300,3300,1600,500,1200,800,8.89
4,129,BRAALRACNOR6BR00,AALR3,1620146140154504,8.86,8.85,8.84,8.88,8.89,8.9,600,1600,3300,500,1200,300,8.89
5,129,BRAALRACNOR6BR00,AALR3,1620146140154523,8.86,8.85,8.84,8.88,8.89,8.9,600,1600,3300,500,1200,300,8.89
6,129,BRAALRACNOR6BR00,AALR3,1620146249882597,8.87,8.86,8.85,8.88,8.89,8.9,100,1900,1200,1100,1600,900,8.86
7,129,BRAALRACNOR6BR00,AALR3,1620146249886013,8.87,8.86,8.85,8.88,8.89,8.9,200,1900,1200,1100,1600,900,8.86
8,129,BRAALRACNOR6BR00,AALR3,1620146261362363,8.86,8.85,8.84,8.88,8.89,8.9,1900,1200,3600,1900,1300,900,8.87
9,129,BRAALRACNOR6BR00,AALR3,1620146261362376,8.86,8.85,8.84,8.88,8.89,8.9,1900,1200,3600,1900,1300,900,8.87
10,129,BRAALRACNOR6BR00,AALR3,1620146261362597,8.86,8.85,8.84,8.87,8.88,8.89,1900,1200,3600,300,1900,1300,8.87
11,129,BRAALRACNOR6BR00,AALR3,1620146261427680,8.86,8.85,8.84,8.87,8.88,8.89,1800,1200,3600,300,1900,1300,8.86
12,129,BRAALRACNOR6BR00,AALR3,1620146261427709,8.86,8.85,8.84,8.87,8.88,8.89,1800,1200,3600,300,1900,1300,8.86
13,129,BRAALRACNOR6BR00,AALR3,1620146261428366,8.86,8.85,8.84,8.87,8.88,8.89,1400,1200,3600,300,1900,1300,8.86
14,129,BRAALRACNOR6BR00,AALR3,1620146261428386,8.86,8.85,8.84,8.87,8.88,8.89,1400,1200,3600,300,1900,1300,8.86
15,129,BRAALRACNOR6BR00,AALR3,1620146261428552,8.86,8.85,8.84,8.87,8.88,8.89,1400,1200,3600,700,1900,1300,8.86
16,129,BRAALRACNOR6BR00,AALR3,1620146261428570,8.86,8.85,8.84,8.87,8.88,8.89,1400,1200,3600,700,1900,1300,8.86
17,129,BRAALRACNOR6BR00,AALR3,1620146261428710,8.86,8.85,8.84,8.87,8.88,8.89,1400,1200,3600,700,2100,1300,8.86
18,129,BRAALRACNOR6BR00,AALR3,1620146261428729,8.86,8.85,8.84,8.87,8.88,8.89,1400,1200,3600,700,2100,1300,8.86
19,129,BRAALRACNOR6BR00,AALR3,1620146261429191,8.86,8.85,8.84,8.87,8.88,8.89,900,1200,3600,700,2100,1300,8.86
20,129,BRAALRACNOR6BR00,AALR3,1620146261429232,8.86,8.85,8.84,8.87,8.88,8.89,900,1200,3600,1200,2100,1300,8.86
21,129,BRAALRACNOR6BR00,AALR3,1620146261433310,8.86,8.85,8.84,8.87,8.88,8.89,200,1200,3600,1200,2100,1300,8.86
22,129,BRAALRACNOR6BR00,AALR3,1620146261433332,8.86,8.85,8.84,8.87,8.88,8.89,200,1200,3600,1200,2100,1300,8.86
23,129,BRAALRACNOR6BR00,AALR3,1620146264055653,8.86,8.85,8.84,8.87,8.88,8.89,100,1200,3600,1200,2100,1300,8.86
24,129,BRAALRACNOR6BR00,AALR3,1620146264057322,8.86,8.85,8.84,8.87,8.88,8.89,100,1200,3600,1200,2100,1300,8.86
25,129,BRAALRACNOR6BR00,AALR3,1620146264057895,8.86,8.85,8.84,8.87,8.88,8.89,100,1200,3600,700,2100,1300,8.86
26,129,BRAALRACNOR6BR00,AALR3,1620146264059100,8.86,8.85,8.84,8.87,8.88,8.89,300,1300,3600,300,2100,1300,8.86
27,129,BRAALRACNOR6BR00,AALR3,1620146264059465,8.86,8.85,8.84,8.87,8.88,8.89,300,1300,3600,800,2100,1300,8.86
28,129,BRAALRACNOR6BR00,AALR3,1620146264060562,8.86,8.85,8.84,8.87,8.88,8.89,400,1200,3600,800,2100,1300,8.86
29,129,BRAALRACNOR6BR00,AALR3,1620146267686512,8.86,8.85,8.84,8.87,8.88,8.89,200,1200,3600,500,1900,1300,8.86
30,129,BRAALRACNOR6BR00,AALR3,1620146267687350,8.86,8.85,8.84,8.87,8.88,8.89,200,1200,3600,900,1900,1300,8.86
31,129,BRAALRACNOR6BR00,AALR3,1620146267688462,8.86,8.85,8.84,8.87,8.88,8.89,300,1200,3600,1400,1900,1300,8.86
32,129,BRAALRACNOR6BR00,AALR3,1620146267692514,8.86,8.85,8.84,8.87,8.88,8.89,100,1200,3600,1400,1900,1300,8.86
33,129,BRAALRACNOR6BR00,AALR3,1620146267693650,8.85,8.84,8.83,8.87,8.88,8.89,1300,3600,2100,900,1900,1300,8.86
34,129,BRAALRACNOR6BR00,AALR3,1620146297700117,8.86,8.85,8.84,8.87,8.88,8.89,600,3400,3400,700,1800,1100,8.86
35,129,BRAALRACNOR6BR00,AALR3,1620146297701374,8.86,8.85,8.84,8.87,8.88,8.89,700,3800,3400,200,1800,1100,8.86
36,129,BRAALRACNOR6BR00,AALR3,1620146334094637,8.87,8.86,8.85,8.88,8.89,8.9,600,3900,1600,300,1200,900,8.86
37,129,BRAALRACNOR6BR00,AALR3,1620146334095839,8.87,8.86,8.85,8.88,8.89,8.9,700,3300,1600,300,1200,1400,8.86
38,129,BRAALRACNOR6BR00,AALR3,1620146334095994,8.87,8.86,8.85,8.88,8.89,8.9,100,3300,1600,300,1200,1400,8.86
39,129,BRAALRACNOR6BR00,AALR3,1620146334097110,8.86,8.85,8.84,8.88,8.89,8.9,3400,1600,3600,300,1200,1400,8.86
40,129,BRAALRACNOR6BR00,AALR3,1620146334097649,8.87,8.86,8.85,8.88,8.89,8.9,700,3400,1600,300,1200,1400,8.86
41,129,BRAALRACNOR6BR00,AALR3,1620146334098712,8.87,8.86,8.85,8.88,8.89,8.9,800,3800,1600,300,1200,1400,8.86
42,129,BRAALRACNOR6BR00,AALR3,1620146334100035,8.87,8.86,8.85,8.88,8.89,8.9,100,3800,1600,300,1200,1400,8.86
43,129,BRAALRACNOR6BR00,AALR3,1620146334101149,8.86,8.85,8.84,8.88,8.89,8.9,3900,1600,3600,300,1200,1400,8.86
44,129,BRAALRACNOR6BR00,AALR3,1620146335905540,8.87,8.86,8.85,8.89,8.9,8.91,500,3900,1600,1400,1400,1400,8.86
45,129,BRAALRACNOR6BR00,AALR3,1620146335907598,8.87,8.86,8.85,8.89,8.9,8.91,600,3300,1600,1900,1400,1400,8.86
46,129,BRAALRACNOR6BR00,AALR3,1620146351380383,8.87,8.86,8.85,8.89,8.9,8.91,1800,2800,1600,1400,1500,1400,8.86
47,129,BRAALRACNOR6BR00,AALR3,1620146351381637,8.88,8.87,8.86,8.89,8.9,8.91,100,1700,2800,1400,1500,1400,8.86
48,129,BRAALRACNOR6BR00,AALR3,1620146351382560,8.87,8.86,8.85,8.89,8.9,8.91,1700,2800,1600,1400,1500,1400,8.88
49,129,BRAALRACNOR6BR00,AALR3,1620146381005908,8.87,8.86,8.85,8.89,8.9,8.91,1700,2800,1600,1200,1500,1400,8.88
50,129,BRAALRACNOR6BR00,AALR3,1620146381007245,8.87,8.86,8.85,8.89,8.9,8.91,1800,2800,1600,1200,1500,1400,8.88
51,129,BRAALRACNOR6BR00,AALR3,1620146409266582,8.87,8.86,8.85,8.89,8.9,8.91,1400,2800,1700,1500,1100,1400,8.88
52,129,BRAALRACNOR6BR00,AALR3,1620146409267865,8.88,8.87,8.86,8.89,8.9,8.91,100,1300,2800,1500,1100,1400,8.88
53,129,BRAALRACNOR6BR00,AALR3,1620146486456832,8.87,8.86,8.85,8.89,8.9,8.91,2400,1000,1500,1200,900,1400,8.88
54,129,BRAALRACNOR6BR00,AALR3,1620146486456960,8.87,8.86,8.85,8.88,8.89,8.9,2400,1000,1500,300,1200,900,8.88
55,129,BRAALRACNOR6BR00,AALR3,1620146486456990,8.87,8.86,8.85,8.88,8.89,8.9,2400,1000,1500,300,1200,900,8.88
56,129,BRAALRACNOR6BR00,AALR3,1620146486457850,8.87,8.86,8.85,8.88,8.89,8.9,2400,1000,1500,900,1200,900,8.88
57,129,BRAALRACNOR6BR00,AALR3,1620146486457896,8.87,8.86,8.85,8.88,8.89,8.9,2400,1000,1500,900,1200,900,8.88
58,129,BRAALRACNOR6BR00,AALR3,1620146486457908,8.87,8.86,8.85,8.88,8.89,8.9,2400,1000,1500,1400,1200,900,8.88
59,129,BRAALRACNOR6BR00,AALR3,1620146486457934,8.87,8.86,8.85,8.88,8.89,8.9,2400,1000,1500,1400,1200,900,8.88
60,129,BRAALRACNOR6BR00,AALR3,1620146486458130,8.87,8.86,8.85,8.88,8.89,8.9,1900,1000,1500,1400,1200,900,8.88
61,129,BRAALRACNOR6BR00,AALR3,1620146486458149,8.87,8.86,8.85,8.88,8.89,8.9,1900,1000,1500,1400,1200,900,8.88
62,129,BRAALRACNOR6BR00,AALR3,1620146486458457,8.87,8.86,8.85,8.88,8.89,8.9,1900,1000,1500,1400,1700,900,8.88
63,129,BRAALRACNOR6BR00,AALR3,1620146486458476,8.87,8.86,8.85,8.88,8.89,8.9,1900,1000,1500,1400,1700,900,8.88
64,129,BRAALRACNOR6BR00,AALR3,1620146486477718,8.87,8.86,8.85,8.88,8.89,8.9,1200,1000,1500,1400,1700,900,8.88
65,129,BRAALRACNOR6BR00,AALR3,1620146486477740,8.87,8.86,8.85,8.88,8.89,8.9,1200,1000,1500,1400,1700,900,8.88
66,129,BRAALRACNOR6BR00,AALR3,1620146487491974,8.87,8.86,8.85,8.88,8.89,8.9,1200,1000,1500,1400,1700,900,8.88
67,129,BRAALRACNOR6BR00,AALR3,1620146487493163,8.87,8.86,8.85,8.88,8.89,8.9,1300,1000,1500,1400,1700,900,8.88
68,129,BRAALRACNOR6BR00,AALR3,1620146560413856,8.88,8.87,8.86,8.89,8.9,8.91,500,1300,1000,300,300,1400,8.88
69,129,BRAALRACNOR6BR00,AALR3,1620146560415195,8.88,8.87,8.86,8.89,8.9,8.91,1100,1700,1000,300,900,1400,8.88
70,129,BRAALRACNOR6BR00,AALR3,1620146560865605,8.88,8.87,8.86,8.9,8.91,8.92,1500,2300,1000,900,1400,1600,8.88
71,129,BRAALRACNOR6BR00,AALR3,1620146560866834,8.89,8.88,8.87,8.9,8.91,8.92,100,1600,2300,300,900,1600,8.88
72,129,BRAALRACNOR6BR00,AALR3,1620147228318346,8.89,8.88,8.87,8.9,8.91,8.92,400,1600,2300,800,900,1100,9.05
73,129,BRAALRACNOR6BR00,AALR3,1620147228319879,8.89,8.88,8.87,8.9,8.91,8.92,400,1600,2300,800,900,1100,9.05
74,129,BRAALRACNOR6BR00,AALR3,1620147243318873,8.89,8.88,8.87,8.9,8.91,8.92,400,1600,2300,800,900,1100,9.05
75,129,BRAALRACNOR6BR00,AALR3,1620147243320281,8.89,8.88,8.87,8.9,8.91,8.92,400,1600,2300,800,900,1100,9.05
76,129,BRAALRACNOR6BR00,AALR3,1620147258319440,8.89,8.88,8.87,8.9,8.91,8.92,400,1600,2300,800,900,1100,9.05
77,129,BRAALRACNOR6BR00,AALR3,1620147258320983,8.89,8.88,8.87,8.9,8.91,8.92,400,1600,2300,800,900,1100,9.05
78,129,BRAALRACNOR6BR00,AALR3,1620147273319927,8.89,8.88,8.87,8.9,8.91,8.92,400,1600,2300,800,900,1100,9.05
79,129,BRAALRACNOR6BR00,AALR3,1620147273321897,8.89,8.88,8.87,8.9,8.91,8.92,400,1600,2300,800,900,1100,9.05
80,129,BRAALRACNOR6BR00,AALR3,1620147288320438,8.89,8.88,8.87,8.9,8.91,8.92,400,1600,2300,800,900,1100,9.05
81,129,BRAALRACNOR6BR00,AALR3,1620147288322102,8.89,8.88,8.87,8.9,8.91,8.92,400,1600,2300,800,900,1100,9.05
82,129,BRAALRACNOR6BR00,AALR3,1620147303320977,8.89,8.88,8.87,8.9,8.91,8.92,400,1600,2300,800,900,1100,9.05
83,129,BRAALRACNOR6BR00,AALR3,1620147303321832,8.89,8.88,8.87,8.9,8.91,8.92,400,1600,2300,800,900,1100,9.05
84,129,BRAALRACNOR6BR00,AALR3,1620147303322464,8.89,8.88,8.87,8.9,8.91,8.92,400,1600,2300,800,900,1100,9.05
85,129,BRAALRACNOR6BR00,AALR3,1620147308324151,8.89,8.88,8.87,8.9,8.91,8.92,400,1600,2300,800,900,1100,9.05
86,129,BRAALRACNOR6BR00,AALR3,1620147313324300,8.89,8.88,8.87,8.9,8.91,8.92,400,1600,2300,800,900,1100,9.05
87,129,BRAALRACNOR6BR00,AALR3,1620147318323270,8.89,8.88,8.87,8.9,8.91,8.92,400,1600,2300,800,900,1100,9.05
88,129,BRAALRACNOR6BR00,AALR3,1620147318323370,8.89,8.88,8.87,8.9,8.91,8.92,400,1600,2300,800,900,1100,9.05
89,129,BRAALRACNOR6BR00,AALR3,1620147318324508,8.89,8.88,8.87,8.9,8.91,8.92,400,1600,2300,800,900,1100,9.05
90,129,BRAALRACNOR6BR00,AALR3,1620147323324636,8.89,8.88,8.87,8.9,8.91,8.92,400,1600,2300,800,900,1100,9.05
91,129,BRAALRACNOR6BR00,AALR3,1620147328324923,8.89,8.88,8.87,8.9,8.91,8.92,400,1600,2300,800,900,1100,9.05
92,129,BRAALRACNOR6BR00,AALR3,1620147333323904,8.89,8.88,8.87,8.9,8.91,8.92,400,1600,2300,800,900,1100,9.05
93,129,BRAALRACNOR6BR00,AALR3,1620147333324010,8.89,8.88,8.87,8.9,8.91,8.92,400,1600,2300,800,900,1100,9.05
94,129,BRAALRACNOR6BR00,AALR3,1620147333325154,8.89,8.88,8.87,8.9,8.91,8.92,400,1600,2300,800,900,1100,9.05
95,129,BRAALRACNOR6BR00,AALR3,1620147338325664,8.89,8.88,8.87,8.9,8.91,8.92,400,1600,2300,800,900,1100,9.05
96,129,BRAALRACNOR6BR00,AALR3,1620147343325528,8.89,8.88,8.87,8.9,8.91,8.92,400,1600,2300,800,900,1100,9.05
97,129,BRAALRACNOR6BR00,AALR3,1620147348324569,8.89,8.88,8.87,8.9,8.91,8.92,400,1600,2300,800,900,1100,9.05
98,129,BRAALRACNOR6BR00,AALR3,1620147348324661,8.89,8.88,8.87,8.9,8.91,8.92,400,1600,2300,800,900,1100,9.05
99,129,BRAALRACNOR6BR00,AALR3,1620147348325739,8.89,8.88,8.87,8.9,8.91,8.92,400,1600,2300,800,900,1100,9.05
100,129,BRAALRACNOR6BR00,AALR3,1620147353326089,8.89,8.88,8.87,8.9,8.91,8.92,400,1600,2300,800,900,1100,9.05
101,129,BRAALRACNOR6BR00,AALR3,1620147358326291,8.89,8.88,8.87,8.9,8.91,8.92,400,1600,2300,800,900,1100,9.05
102,129,BRAALRACNOR6BR00,AALR3,1620147363325280,8.89,8.88,8.87,8.9,8.91,8.92,400,1600,2300,800,900,1100,9.05
103,129,BRAALRACNOR6BR00,AALR3,1620147363325396,8.89,8.88,8.87,8.9,8.91,8.92,400,1600,2300,800,900,1100,9.05
104,129,BRAALRACNOR6BR00,AALR3,1620147363326314,8.89,8.88,8.87,8.9,8.91,8.92,400,1600,2300,800,900,1100,9.05
105,129,BRAALRACNOR6BR00,AALR3,1620147368326877,8.89,8.88,8.87,8.9,8.91,8.92,400,1600,2300,800,900,1100,9.05
106,129,BRAALRACNOR6BR00,AALR3,1620147373327039,8.89,8.88,8.87,8.9,8.91,8.92,400,1600,2300,800,900,1100,9.05
107,129,BRAALRACNOR6BR00,AALR3,1620147378326031,8.89,8.88,8.87,8.9,8.91,8.92,400,1600,2300,800,900,1100,9.05
108,129,BRAALRACNOR6BR00,AALR3,1620147378326126,8.89,8.88,8.87,8.9,8.91,8.92,400,1600,2300,800,900,1100,9.05
109,129,BRAALRACNOR6BR00,AALR3,1620147378327270,8.89,8.88,8.87,8.9,8.91,8.92,400,1600,2300,800,900,1100,9.05
110,129,BRAALRACNOR6BR00,AALR3,1620147383327379,8.89,8.88,8.87,8.9,8.91,8.92,400,1600,2300,800,900,1100,9.05
111,129,BRAALRACNOR6BR00,AALR3,1620147388327730,8.89,8.88,8.87,8.9,8.91,8.92,400,1600,2300,800,900,1100,9.05
112,129,BRAALRACNOR6BR00,AALR3,1620147393326664,8.89,8.88,8.87,8.9,8.91,8.92,400,1600,2300,800,900,1100,9.05
113,129,BRAALRACNOR6BR00,AALR3,1620147393326770,8.89,8.88,8.87,8.9,8.91,8.92,400,1600,2300,800,900,1100,9.05
114,129,BRAALRACNOR6BR00,AALR3,1620147393327923,8.89,8.88,8.87,8.9,8.91,8.92,400,1600,2300,800,900,1100,9.05
115,129,BRAALRACNOR6BR00,AALR3,1620147398328148,8.89,8.88,8.87,8.9,8.91,8.92,400,1600,2300,800,900,1100,9.05
116,129,BRAALRACNOR6BR00,AALR3,1620147403328335,8.89,8.88,8.87,8.9,8.91,8.92,400,1600,2300,800,900,1100,9.05
117,129,BRAALRACNOR6BR00,AALR3,1620147408327343,8.89,8.88,8.87,8.9,8.91,8.92,400,1600,2300,800,900,1100,9.05
118,129,BRAALRACNOR6BR00,AALR3,1620147408327430,8.89,8.88,8.87,8.9,8.91,8.92,400,1600,2300,800,900,1100,9.05
119,129,BRAALRACNOR6BR00,AALR3,1620147408328558,8.89,8.88,8.87,8.9,8.91,8.92,400,1600,2300,800,900,1100,9.05
120,129,BRAALRACNOR6BR00,AALR3,1620147413328849,8.89,8.88,8.87,8.9,8.91,8.92,400,1600,2300,800,900,1100,9.05
121,129,BRAALRACNOR6BR00,AALR3,1620147418329102,8.89,8.88,8.87,8.9,8.91,8.92,400,1600,2300,800,900,1100,9.05
122,129,BRAALRACNOR6BR00,AALR3,1620147423328063,8.89,8.88,8.87,8.9,8.91,8.92,400,1600,2300,800,900,1100,9.05
123,129,BRAALRACNOR6BR00,AALR3,1620147423328186,8.89,8.88,8.87,8.9,8.91,8.92,400,1600,2300,800,900,1100,9.05
124,129,BRAALRACNOR6BR00,AALR3,1620147423329093,8.89,8.88,8.87,8.9,8.91,8.92,400,1600,2300,800,900,1100,9.05
125,129,BRAALRACNOR6BR00,AALR3,1620147428329741,8.89,8.88,8.87,8.9,8.91,8.92,400,1600,2300,800,900,1100,9.05
126,129,BRAALRACNOR6BR00,AALR3,1620147433329865,8.89,8.88,8.87,8.9,8.91,8.92,400,1600,2300,800,900,1100,9.05
127,129,BRAALRACNOR6BR00,AALR3,1620147438328808,8.89,8.88,8.87,8.9,8.91,8.92,400,1600,2300,800,900,1100,9.05
128,129,BRAALRACNOR6BR00,AALR3,1620147438328912,8.89,8.88,8.87,8.9,8.91,8.92,400,1600,2300,800,900,1100,9.05
129,129,BRAALRACNOR6BR00,AALR3,1620147438330483,8.89,8.88,8.87,8.9,8.91,8.92,400,1600,2300,800,900,1100,9.05
130,129,BRAALRACNOR6BR00,AALR3,1620147443330201,8.89,8.88,8.87,8.9,8.91,8.92,400,1600,2300,800,900,1100,9.05
131,129,BRAALRACNOR6BR00,AALR3,1620147448330466,8.89,8.88,8.87,8.9,8.91,8.92,400,1600,2300,800,900,1100,9.05
132,129,BRAALRACNOR6BR00,AALR3,1620147453329441,8.89,8.88,8.87,8.9,8.91,8.92,400,1600,2300,800,900,1100,9.05
133,129,BRAALRACNOR6BR00,AALR3,1620147453329554,8.89,8.88,8.87,8.9,8.91,8.92,400,1600,2300,800,900,1100,9.05
134,129,BRAALRACNOR6BR00,AALR3,1620147453330638,8.89,8.88,8.87,8.9,8.91,8.92,400,1600,2300,800,900,1100,9.05
135,129,BRAALRACNOR6BR00,AALR3,1620147458330921,8.89,8.88,8.87,8.9,8.91,8.92,400,1600,2300,800,900,1100,9.05
136,129,BRAALRACNOR6BR00,AALR3,1620147463330982,8.89,8.88,8.87,8.9,8.91,8.92,400,1600,2300,800,900,1100,9.05
137,129,BRAALRACNOR6BR00,AALR3,1620147468330119,8.89,8.88,8.87,8.9,8.91,8.92,400,1600,2300,800,900,1100,9.05
138,129,BRAALRACNOR6BR00,AALR3,1620147468330210,8.89,8.88,8.87,8.9,8.91,8.92,400,1600,2300,800,900,1100,9.05
139,129,BRAALRACNOR6BR00,AALR3,1620147468331325,8.89,8.88,8.87,8.9,8.91,8.92,400,1600,2300,800,900,1100,9.05
140,129,BRAALRACNOR6BR00,AALR3,1620147473331651,8.89,8.88,8.87,8.9,8.91,8.92,400,1600,2300,800,900,1100,9.05
141,129,BRAALRACNOR6BR00,AALR3,1620147478331907,8.89,8.88,8.87,8.9,8.91,8.92,400,1600,2300,800,900,1100,9.05
142,129,BRAALRACNOR6BR00,AALR3,1620147483330850,8.89,8.88,8.87,8.9,8.91,8.92,400,1600,2300,800,900,1100,9.05
143,129,BRAALRACNOR6BR00,AALR3,1620147483330966,8.89,8.88,8.87,8.9,8.91,8.92,400,1600,2300,800,900,1100,9.05
144,129,BRAALRACNOR6BR00,AALR3,1620147483331900,8.89,8.88,8.87,8.9,8.91,8.92,400,1600,2300,800,900,1100,9.05
145,129,BRAALRACNOR6BR00,AALR3,1620147488332356,8.89,8.88,8.87,8.9,8.91,8.92,400,1600,2300,800,900,1100,9.05
146,129,BRAALRACNOR6BR00,AALR3,1620147493332594,8.89,8.88,8.87,8.9,8.91,8.92,400,1600,2300,800,900,1100,9.05
147,129,BRAALRACNOR6BR00,AALR3,1620147498331587,8.89,8.88,8.87,8.9,8.91,8.92,400,1600,2300,800,900,1100,9.05
148,129,BRAALRACNOR6BR00,AALR3,1620147498331681,8.89,8.88,8.87,8.9,8.91,8.92,400,1600,2300,800,900,1100,9.05
149,129,BRAALRACNOR6BR00,AALR3,1620147498333059,8.89,8.88,8.87,8.9,8.91,8.92,400,1600,2300,800,900,1100,9.05
150,129,BRAALRACNOR6BR00,AALR3,1620147503332962,8.89,8.88,8.87,8.9,8.91,8.92,400,1600,2300,800,900,1100,9.05
151,129,BRAALRACNOR6BR00,AALR3,1620147508333233,8.89,8.88,8.87,8.9,8.91,8.92,400,1600,2300,800,900,1100,9.05
152,129,BRAALRACNOR6BR00,AALR3,1620147513332237,8.89,8.88,8.87,8.9,8.91,8.92,400,1600,2300,800,900,1100,9.05
153,129,BRAALRACNOR6BR00,AALR3,1620147513332344,8.89,8.88,8.87,8.9,8.91,8.92,400,1600,2300,800,900,1100,9.05
154,129,BRAALRACNOR6BR00,AALR3,1620147513333437,8.89,8.88,8.87,8.9,8.91,8.92,400,1600,2300,800,900,1100,9.05
155,129,BRAALRACNOR6BR00,AALR3,1620147518333812,8.89,8.88,8.87,8.9,8.91,8.92,400,1600,2300,800,900,1100,9.05
156,129,BRAALRACNOR6BR00,AALR3,1620147523333842,8.89,8.88,8.87,8.9,8.91,8.92,400,1600,2300,800,900,1100,9.05
157,129,BRAALRACNOR6BR00,AALR3,1620147528332957,8.89,8.88,8.87,8.9,8.91,8.92,400,1600,2300,800,900,1100,9.05
158,129,BRAALRACNOR6BR00,AALR3,1620147528333091,8.89,8.88,8.87,8.9,8.91,8.92,400,1600,2300,800,900,1100,9.05
159,129,BRAALRACNOR6BR00,AALR3,1620147528334167,8.89,8.88,8.87,8.9,8.91,8.92,400,1600,2300,800,900,1100,9.05
160,129,BRAALRACNOR6BR00,AALR3,1620147533334506,8.89,8.88,8.87,8.9,8.91,8.92,400,1600,2300,800,900,1100,9.05
161,129,BRAALRACNOR6BR00,AALR3,1620147538334854,8.89,8.88,8.87,8.9,8.91,8.92,400,1600,2300,800,900,1100,9.05
162,129,BRAALRACNOR6BR00,AALR3,1620147543333721,8.89,8.88,8.87,8.9,8.91,8.92,400,1600,2300,800,900,1100,9.05
163,129,BRAALRACNOR6BR00,AALR3,1620147543333838,8.89,8.88,8.87,8.9,8.91,8.92,400,1600,2300,800,900,1100,9.05
164,129,BRAALRACNOR6BR00,AALR3,1620147543334848,8.89,8.88,8.87,8.9,8.91,8.92,400,1600,2300,800,900,1100,9.05
165,129,BRAALRACNOR6BR00,AALR3,1620147548335374,8.89,8.88,8.87,8.9,8.91,8.92,400,1600,2300,800,900,1100,9.05
166,129,BRAALRACNOR6BR00,AALR3,1620147553335969,8.89,8.88,8.87,8.9,8.91,8.92,400,1600,2300,800,900,1100,9.05
167,129,BRAALRACNOR6BR00,AALR3,1620147558334476,8.89,8.88,8.87,8.9,8.91,8.92,400,1600,2300,800,900,1100,9.05
168,129,BRAALRACNOR6BR00,AALR3,1620147558334572,8.89,8.88,8.87,8.9,8.91,8.92,400,1600,2300,800,900,1100,9.05
169,129,BRAALRACNOR6BR00,AALR3,1620147558335670,8.89,8.88,8.87,8.9,8.91,8.92,400,1600,2300,800,900,1100,9.05
170,129,BRAALRACNOR6BR00,AALR3,1620147563335811,8.89,8.88,8.87,8.9,8.91,8.92,400,1600,2300,800,900,1100,9.05
171,129,BRAALRACNOR6BR00,AALR3,1620147568336199,8.89,8.88,8.87,8.9,8.91,8.92,400,1600,2300,800,900,1100,9.05
172,129,BRAALRACNOR6BR00,AALR3,1620147573335145,8.89,8.88,8.87,8.9,8.91,8.92,400,1600,2300,800,900,1100,9.05
173,129,BRAALRACNOR6BR00,AALR3,1620147573335252,8.89,8.88,8.87,8.9,8.91,8.92,400,1600,2300,800,900,1100,9.05
174,129,BRAALRACNOR6BR00,AALR3,1620147573336389,8.89,8.88,8.87,8.9,8.91,8.92,400,1600,2300,800,900,1100,9.05
175,129,BRAALRACNOR6BR00,AALR3,1620147578336739,8.89,8.88,8.87,8.9,8.91,8.92,400,1600,2300,800,900,1100,9.05
176,129,BRAALRACNOR6BR00,AALR3,1620147583336760,8.89,8.88,8.87,8.9,8.91,8.92,400,1600,2300,800,900,1100,9.05
177,129,BRAALRACNOR6BR00,AALR3,1620147588335871,8.89,8.88,8.87,8.9,8.91,8.92,400,1600,2300,800,900,1100,9.05
178,129,BRAALRACNOR6BR00,AALR3,1620147588335993,8.89,8.88,8.87,8.9,8.91,8.92,400,1600,2300,800,900,1100,9.05
179,129,BRAALRACNOR6BR00,AALR3,1620147588337160,8.89,8.88,8.87,8.9,8.91,8.92,400,1600,2300,800,900,1100,9.05
180,129,BRAALRACNOR6BR00,AALR3,1620147593337442,8.89,8.88,8.87,8.9,8.91,8.92,400,1600,2300,800,900,1100,9.05
181,129,BRAALRACNOR6BR00,AALR3,1620147598337733,8.89,8.88,8.87,8.9,8.91,8.92,400,1600,2300,800,900,1100,9.05
182,129,BRAALRACNOR6BR00,AALR3,1620147603336716,8.89,8.88,8.87,8.9,8.91,8.92,400,1600,2300,800,900,1100,9.05
183,129,BRAALRACNOR6BR00,AALR3,1620147603336841,8.89,8.88,8.87,8.9,8.91,8.92,400,1600,2300,800,900,1100,9.05
184,129,BRAALRACNOR6BR00,AALR3,1620147603337793,8.89,8.88,8.87,8.9,8.91,8.92,400,1600,2300,800,900,1100,9.05
185,129,BRAALRACNOR6BR00,AALR3,1620147608338334,8.89,8.88,8.87,8.9,8.91,8.92,400,1600,2300,800,900,1100,9.05
186,129,BRAALRACNOR6BR00,AALR3,1620147613338591,8.89,8.88,8.87,8.9,8.91,8.92,400,1600,2300,800,900,1100,9.05
187,129,BRAALRACNOR6BR00,AALR3,1620147618337616,8.89,8.88,8.87,8.9,8.91,8.92,400,1600,2300,800,900,1100,9.05
188,129,BRAALRACNOR6BR00,AALR3,1620147618337713,8.89,8.88,8.87,8.9,8.91,8.92,400,1600,2300,800,900,1100,9.05
189,129,BRAALRACNOR6BR00,AALR3,1620147618338779,8.89,8.88,8.87,8.9,8.91,8.92,400,1600,2300,800,900,1100,9.05
190,129,BRAALRACNOR6BR00,AALR3,1620147623338983,8.89,8.88,8.87,8.9,8.91,8.92,400,1600,2300,800,900,1100,9.05
191,129,BRAALRACNOR6BR00,AALR3,1620147628339341,8.89,8.88,8.87,8.9,8.91,8.92,400,1600,2300,800,900,1100,9.05
192,129,BRAALRACNOR6BR00,AALR3,1620147633338332,8.89,8.88,8.87,8.9,8.91,8.92,400,1600,2300,800,900,1100,9.05
193,129,BRAALRACNOR6BR00,AALR3,1620147633338445,8.89,8.88,8.87,8.9,8.91,8.92,400,1600,2300,800,900,1100,9.05
194,129,BRAALRACNOR6BR00,AALR3,1620147633339599,8.89,8.88,8.87,8.9,8.91,8.92,400,1600,2300,800,900,1100,9.05
195,129,BRAALRACNOR6BR00,AALR3,1620147638339869,8.89,8.88,8.87,8.9,8.91,8.92,400,1600,2300,800,900,1100,9.05
196,129,BRAALRACNOR6BR00,AALR3,1620147643339948,8.89,8.88,8.87,8.9,8.91,8.92,400,1600,2300,800,900,1100,9.05
197,129,BRAALRACNOR6BR00,AALR3,1620147648339056,8.89,8.88,8.87,8.9,8.91,8.92,400,1600,2300,800,900,1100,9.05
198,129,BRAALRACNOR6BR00,AALR3,1620147648339158,8.89,8.88,8.87,8.9,8.91,8.92,400,1600,2300,800,900,1100,9.05
199,129,BRAALRACNOR6BR00,AALR3,1620147648340279,8.89,8.88,8.87,8.9,8.91,8.92,400,1600,2300,800,900,1100,9.05
200,129,BRAALRACNOR6BR00,AALR3,1620147653340594,8.89,8.88,8.87,8.9,8.91,8.92,400,1600,2300,800,900,1100,9.05
201,129,BRAALRACNOR6BR00,AALR3,1620147658340899,8.89,8.88,8.87,8.9,8.91,8.92,400,1600,2300,800,900,1100,9.05
202,129,BRAALRACNOR6BR00,AALR3,1620147663339835,8.89,8.88,8.87,8.9,8.91,8.92,400,1600,2300,800,900,1100,9.05
203,129,BRAALRACNOR6BR00,AALR3,1620147663339955,8.89,8.88,8.87,8.9,8.91,8.92,400,1600,2300,800,900,1100,9.05
204,129,BRAALRACNOR6BR00,AALR3,1620147663340924,8.89,8.88,8.87,8.9,8.91,8.92,400,1600,2300,800,900,1100,9.05
205,129,BRAALRACNOR6BR00,AALR3,1620147668341480,8.89,8.88,8.87,8.9,8.91,8.92,400,1600,2300,800,900,1100,9.05
206,129,BRAALRACNOR6BR00,AALR3,1620147673341667,8.89,8.88,8.87,8.9,8.91,8.92,400,1600,2300,800,900,1100,9.05
207,129,BRAALRACNOR6BR00,AALR3,1620147678340640,8.89,8.88,8.87,8.9,8.91,8.92,400,1600,2300,800,900,1100,9.05
208,129,BRAALRACNOR6BR00,AALR3,1620147678340740,8.89,8.88,8.87,8.9,8.91,8.92,400,1600,2300,800,900,1100,9.05
209,129,BRAALRACNOR6BR00,AALR3,1620147678341744,8.89,8.88,8.87,8.9,8.91,8.92,400,1600,2300,800,900,1100,9.05
210,129,BRAALRACNOR6BR00,AALR3,1620147683341996,8.89,8.88,8.87,8.9,8.91,8.92,400,1600,2300,800,900,1100,9.05
211,129,BRAALRACNOR6BR00,AALR3,1620147688342323,8.89,8.88,8.87,8.9,8.91,8.92,400,1600,2300,800,900,1100,9.05
212,129,BRAALRACNOR6BR00,AALR3,1620147693341299,8.89,8.88,8.87,8.9,8.91,8.92,400,1600,2300,800,900,1100,9.05
213,129,BRAALRACNOR6BR00,AALR3,1620147693341409,8.89,8.88,8.87,8.9,8.91,8.92,400,1600,2300,800,900,1100,9.05
214,129,BRAALRACNOR6BR00,AALR3,1620147693342508,8.89,8.88,8.87,8.9,8.91,8.92,400,1600,2300,800,900,1100,9.05
215,129,BRAALRACNOR6BR00,AALR3,1620147698342685,8.89,8.88,8.87,8.9,8.91,8.92,400,1600,2300,800,900,1100,9.05
216,129,BRAALRACNOR6BR00,AALR3,1620147703342900,8.89,8.88,8.87,8.9,8.91,8.92,400,1600,2300,800,900,1100,9.05
217,129,BRAALRACNOR6BR00,AALR3,1620147708341975,8.89,8.88,8.87,8.9,8.91,8.92,400,1600,2300,800,900,1100,9.05
218,129,BRAALRACNOR6BR00,AALR3,1620147708342071,8.89,8.88,8.87,8.9,8.91,8.92,400,1600,2300,800,900,1100,9.05
219,129,BRAALRACNOR6BR00,AALR3,1620147708343104,8.89,8.88,8.87,8.9,8.91,8.92,400,1600,2300,800,900,1100,9.05
220,129,BRAALRACNOR6BR00,AALR3,1620147713343423,8.89,8.88,8.87,8.9,8.91,8.92,400,1600,2300,800,900,1100,9.05
221,129,BRAALRACNOR6BR00,AALR3,1620147718343786,8.89,8.88,8.87,8.9,8.91,8.92,400,1600,2300,800,900,1100,9.05
222,129,BRAALRACNOR6BR00,AALR3,1620147723342726,8.89,8.88,8.87,8.9,8.91,8.92,400,1600,2300,800,900,1100,9.05
223,129,BRAALRACNOR6BR00,AALR3,1620147723342866,8.89,8.88,8.87,8.9,8.91,8.92,400,1600,2300,800,900,1100,9.05
224,129,BRAALRACNOR6BR00,AALR3,1620147723343857,8.89,8.88,8.87,8.9,8.91,8.92,400,1600,2300,800,900,1100,9.05
225,129,BRAALRACNOR6BR00,AALR3,1620147728344302,8.89,8.88,8.87,8.9,8.91,8.92,400,1600,2300,800,900,1100,9.05
226,129,BRAALRACNOR6BR00,AALR3,1620147733344543,8.89,8.88,8.87,8.9,8.91,8.92,400,1600,2300,800,900,1100,9.05
227,129,BRAALRACNOR6BR00,AALR3,1620147738343600,8.89,8.88,8.87,8.9,8.91,8.92,400,1600,2300,800,900,1100,9.05
228,129,BRAALRACNOR6BR00,AALR3,1620147738343734,8.89,8.88,8.87,8.9,8.91,8.92,400,1600,2300,800,900,1100,9.05
229,129,BRAALRACNOR6BR00,AALR3,1620147738344831,8.89,8.88,8.87,8.9,8.91,8.92,400,1600,2300,800,900,1100,9.05
230,129,BRAALRACNOR6BR00,AALR3,1620147743345100,8.89,8.88,8.87,8.9,8.91,8.92,400,1600,2300,800,900,1100,9.05
231,129,BRAALRACNOR6BR00,AALR3,1620147748345556,8.89,8.88,8.87,8.9,8.91,8.92,400,1600,2300,800,900,1100,9.05
232,129,BRAALRACNOR6BR00,AALR3,1620147753344574,8.89,8.88,8.87,8.9,8.91,8.92,400,1600,2300,800,900,1100,9.05
233,129,BRAALRACNOR6BR00,AALR3,1620147753344695,8.89,8.88,8.87,8.9,8.91,8.92,400,1600,2300,800,900,1100,9.05
234,129,BRAALRACNOR6BR00,AALR3,1620147753345765,8.89,8.88,8.87,8.9,8.91,8.92,400,1600,2300,800,900,1100,9.05
235,129,BRAALRACNOR6BR00,AALR3,1620147758346087,8.89,8.88,8.87,8.9,8.91,8.92,400,1600,2300,800,900,1100,9.05
236,129,BRAALRACNOR6BR00,AALR3,1620147763346486,8.89,8.88,8.87,8.9,8.91,8.92,400,1600,2300,800,900,1100,9.05
237,129,BRAALRACNOR6BR00,AALR3,1620147768345403,8.89,8.88,8.87,8.9,8.91,8.92,400,1600,2300,800,900,1100,9.05
238,129,BRAALRACNOR6BR00,AALR3,1620147768345555,8.89,8.88,8.87,8.9,8.91,8.92,400,1600,2300,800,900,1100,9.05
239,129,BRAALRACNOR6BR00,AALR3,1620147768346641,8.89,8.88,8.87,8.9,8.91,8.92,400,1600,2300,800,900,1100,9.05
240,129,BRAALRACNOR6BR00,AALR3,1620147773346983,8.89,8.88,8.87,8.9,8.91,8.92,400,1600,2300,800,900,1100,9.05
241,129,BRAALRACNOR6BR00,AALR3,1620147778347266,8.89,8.88,8.87,8.9,8.91,8.92,400,1600,2300,800,900,1100,9.05
242,129,BRAALRACNOR6BR00,AALR3,1620147783346251,8.89,8.88,8.87,8.9,8.91,8.92,400,1600,2300,800,900,1100,9.05
243,129,BRAALRACNOR6BR00,AALR3,1620147783346378,8.89,8.88,8.87,8.9,8.91,8.92,400,1600,2300,800,900,1100,9.05
244,129,BRAALRACNOR6BR00,AALR3,1620147783347263,8.89,8.88,8.87,8.9,8.91,8.92,400,1600,2300,800,900,1100,9.05
245,129,BRAALRACNOR6BR00,AALR3,1620147788347855,8.89,8.88,8.87,8.9,8.91,8.92,400,1600,2300,800,900,1100,9.05
246,129,BRAALRACNOR6BR00,AALR3,1620147793348150,8.89,8.88,8.87,8.9,8.91,8.92,400,1600,2300,800,900,1100,9.05
247,129,BRAALRACNOR6BR00,AALR3,1620147798347129,8.89,8.88,8.87,8.9,8.91,8.92,400,1600,2300,800,900,1100,9.05
248,129,BRAALRACNOR6BR00,AALR3,1620147798347225,8.89,8.88,8.87,8.9,8.91,8.92,400,1600,2300,800,900,1100,9.05
249,129,BRAALRACNOR6BR00,AALR3,1620147798348328,8.89,8.88,8.87,8.9,8.91,8.92,400,1600,2300,800,900,1100,9.05
250,129,BRAALRACNOR6BR00,AALR3,1620147803348520,8.89,8.88,8.87,8.9,8.91,8.92,400,1600,2300,800,900,1100,9.05
251,129,BRAALRACNOR6BR00,AALR3,1620147808348935,8.89,8.88,8.87,8.9,8.91,8.92,400,1600,2300,800,900,1100,9.05
252,129,BRAALRACNOR6BR00,AALR3,1620147813347889,8.89,8.88,8.87,8.9,8.91,8.92,400,1600,2300,800,900,1100,9.05
253,129,BRAALRACNOR6BR00,AALR3,1620147813347997,8.89,8.88,8.87,8.9,8.91,8.92,400,1600,2300,800,900,1100,9.05
254,129,BRAALRACNOR6BR00,AALR3,1620147813349117,8.89,8.88,8.87,8.9,8.91,8.92,400,1600,2300,800,900,1100,9.05
255,129,BRAALRACNOR6BR00,AALR3,1620147818349498,8.89,8.88,8.87,8.9,8.91,8.92,400,1600,2300,800,900,1100,9.05
256,129,BRAALRACNOR6BR00,AALR3,1620147823349553,8.89,8.88,8.87,8.9,8.91,8.92,400,1600,2300,800,900,1100,9.05
257,129,BRAALRACNOR6BR00,AALR3,1620147828348678,8.89,8.88,8.87,8.9,8.91,8.92,400,1600,2300,800,900,1100,9.05
258,129,BRAALRACNOR6BR00,AALR3,1620147828348773,8.89,8.88,8.87,8.9,8.91,8.92,400,1600,2300,800,900,1100,9.05
259,129,BRAALRACNOR6BR00,AALR3,1620147828349872,8.89,8.88,8.87,8.9,8.91,8.92,400,1600,2300,800,900,1100,9.05
260,129,BRAALRACNOR6BR00,AALR3,1620147833350251,8.89,8.88,8.87,8.9,8.91,8.92,400,1600,2300,800,900,1100,9.05
261,129,BRAALRACNOR6BR00,AALR3,1620147838350482,8.89,8.88,8.87,8.9,8.91,8.92,400,1600,2300,800,900,1100,9.05
262,129,BRAALRACNOR6BR00,AALR3,1620147843349530,8.89,8.88,8.87,8.9,8.91,8.92,400,1600,2300,800,900,1100,9.05
263,129,BRAALRACNOR6BR00,AALR3,1620147843349651,8.89,8.88,8.87,8.9,8.91,8.92,400,1600,2300,800,900,1100,9.05
264,129,BRAALRACNOR6BR00,AALR3,1620147843350659,8.89,8.88,8.87,8.9,8.91,8.92,400,1600,2300,800,900,1100,9.05
265,129,BRAALRACNOR6BR00,AALR3,1620147848351101,8.89,8.88,8.87,8.9,8.91,8.92,400,1600,2300,800,900,1100,9.05
266,129,BRAALRACNOR6BR00,AALR3,1620147853351358,8.89,8.88,8.87,8.9,8.91,8.92,400,1600,2300,800,900,1100,9.05
267,129,BRAALRACNOR6BR00,AALR3,1620147858350302,8.89,8.88,8.87,8.9,8.91,8.92,400,1600,2300,800,900,1100,9.05
268,129,BRAALRACNOR6BR00,AALR3,1620147858350403,8.89,8.88,8.87,8.9,8.91,8.92,400,1600,2300,800,900,1100,9.05
269,129,BRAALRACNOR6BR00,AALR3,1620147858351476,8.89,8.88,8.87,8.9,8.91,8.92,400,1600,2300,800,900,1100,9.05
270,129,BRAALRACNOR6BR00,AALR3,1620147863351727,8.89,8.88,8.87,8.9,8.91,8.92,400,1600,2300,800,900,1100,9.05
271,129,BRAALRACNOR6BR00,AALR3,1620147868360718,8.89,8.88,8.87,8.9,8.91,8.92,400,1600,2300,800,900,1100,9.05
272,129,BRAALRACNOR6BR00,AALR3,1620147873350985,8.89,8.88,8.87,8.9,8.91,8.92,400,1600,2300,800,900,1100,9.05
273,129,BRAALRACNOR6BR00,AALR3,1620147873351095,8.89,8.88,8.87,8.9,8.91,8.92,400,1600,2300,800,900,1100,9.05
274,129,BRAALRACNOR6BR00,AALR3,1620147873352138,8.89,8.88,8.87,8.9,8.91,8.92,400,1600,2300,800,900,1100,9.05
275,129,BRAALRACNOR6BR00,AALR3,1620147878352533,8.89,8.88,8.87,8.9,8.91,8.92,400,1600,2300,800,900,1100,9.05
276,129,BRAALRACNOR6BR00,AALR3,1620147883352592,8.89,8.88,8.87,8.9,8.91,8.92,400,1600,2300,800,900,1100,9.05
277,129,BRAALRACNOR6BR00,AALR3,1620147888351667,8.89,8.88,8.87,8.9,8.91,8.92,400,1600,2300,800,900,1100,9.05
278,129,BRAALRACNOR6BR00,AALR3,1620147888351756,8.89,8.88,8.87,8.9,8.91,8.92,400,1600,2300,800,900,1100,9.05
279,129,BRAALRACNOR6BR00,AALR3,1620147888352901,8.89,8.88,8.87,8.9,8.91,8.92,400,1600,2300,800,900,1100,9.05
280,129,BRAALRACNOR6BR00,AALR3,1620147893353185,8.89,8.88,8.87,8.9,8.91,8.92,400,1600,2300,800,900,1100,9.05
281,129,BRAALRACNOR6BR00,AALR3,1620147898353390,8.89,8.88,8.87,8.9,8.91,8.92,400,1600,2300,800,900,1100,9.05
282,129,BRAALRACNOR6BR00,AALR3,1620147900045280,8.89,8.88,8.87,8.9,8.91,8.92,400,1600,2300,800,900,1100,9.05
283,132,BRABCBACNPR4BR00,ABCB4,1620146128066206,14.75,14.74,14.73,14.76,14.77,14.78,700,1500,2100,1100,1300,2700,14.75
284,132,BRABCBACNPR4BR00,ABCB4,1620146128066229,14.75,14.74,14.73,14.76,14.77,14.78,700,1500,2100,1100,1300,2700,14.75
285,132,BRABCBACNPR4BR00,ABCB4,1620146133878453,14.75,14.74,14.73,14.76,14.77,14.78,700,1500,2700,1100,1300,2700,14.75
286,132,BRABCBACNPR4BR00,ABCB4,1620146133879686,14.75,14.74,14.73,14.76,14.77,14.78,700,1500,2700,1200,1300,2700,14.75
287,132,BRABCBACNPR4BR00,ABCB4,1620146153927083,14.74,14.73,14.72,14.75,14.76,14.77,1700,1600,2700,100,900,1500,14.75
288,132,BRABCBACNPR4BR00,ABCB4,1620146153928483,14.74,14.73,14.72,14.75,14.76,14.77,1700,1000,3300,200,800,1800,14.75
289,132,BRABCBACNPR4BR00,ABCB4,1620146241399495,14.73,14.72,14.71,14.74,14.75,14.76,2000,2700,1600,100,1300,1200,14.74
290,132,BRABCBACNPR4BR00,ABCB4,1620146241400930,14.74,14.73,14.72,14.75,14.76,14.77,300,2000,2700,1100,1200,1500,14.74
291,132,BRABCBACNPR4BR00,ABCB4,1620146241400957,14.74,14.73,14.72,14.75,14.76,14.77,300,2000,2100,1100,1200,1500,14.74
292,132,BRABCBACNPR4BR00,ABCB4,1620146241401090,14.74,14.73,14.72,14.75,14.76,14.77,400,2000,2100,1100,1200,1500,14.74
293,132,BRABCBACNPR4BR00,ABCB4,1620146241401107,14.74,14.73,14.72,14.75,14.76,14.77,400,2000,1800,1100,1200,1500,14.74
294,132,BRABCBACNPR4BR00,ABCB4,1620146241402395,14.74,14.73,14.72,14.75,14.76,14.77,600,2100,2100,800,1200,2100,14.74
295,132,BRABCBACNPR4BR00,ABCB4,1620146254082423,14.74,14.73,14.72,14.76,14.77,14.78,1200,1900,2700,1200,2100,1700,14.75
296,132,BRABCBACNPR4BR00,ABCB4,1620146254082497,14.75,14.74,14.73,14.76,14.77,14.78,400,1400,1900,1200,2100,1700,14.75
297,132,BRABCBACNPR4BR00,ABCB4,1620146254083161,14.75,14.74,14.73,14.76,14.77,14.78,400,1400,1900,1100,2100,1700,14.75
298,132,BRABCBACNPR4BR00,ABCB4,1620146254084323,14.75,14.74,14.73,14.76,14.77,14.78,600,1400,3400,800,1200,2300,14.75
299,132,BRABCBACNPR4BR00,ABCB4,1620146269631922,14.74,14.73,14.72,14.75,14.76,14.77,1200,1900,2800,500,1300,1600,14.75
300,132,BRABCBACNPR4BR00,ABCB4,1620146269633112,14.74,14.73,14.72,14.75,14.76,14.77,1200,1900,3100,600,1200,1600,14.75
301,132,BRABCBACNPR4BR00,ABCB4,1620146269655487,14.74,14.73,14.72,14.76,14.77,14.78,1200,1900,3100,1300,1600,2300,14.75
302,132,BRABCBACNPR4BR00,ABCB4,1620146269655691,14.74,14.73,14.72,14.76,14.77,14.78,1200,1900,3100,1300,1600,2300,14.75
303,132,BRABCBACNPR4BR00,ABCB4,1620146269656470,14.74,14.73,14.72,14.76,14.77,14.78,1400,1900,3100,1300,1600,2300,14.75
304,132,BRABCBACNPR4BR00,ABCB4,1620146269657613,14.74,14.73,14.72,14.76,14.77,14.78,1400,1900,3100,1400,1600,2300,14.75
305,132,BRABCBACNPR4BR00,ABCB4,1620146276454683,14.74,14.73,14.72,14.75,14.76,14.77,1400,1900,3100,100,1400,1600,14.75
306,132,BRABCBACNPR4BR00,ABCB4,1620146276455924,14.74,14.73,14.72,14.75,14.76,14.77,1400,1900,3100,200,1000,1600,14.75
307,132,BRABCBACNPR4BR00,ABCB4,1620146276458634,14.74,14.73,14.72,14.76,14.77,14.78,1400,1900,3100,1000,1600,2300,14.75
308,132,BRABCBACNPR4BR00,ABCB4,1620146276458809,14.74,14.73,14.72,14.76,14.77,14.78,1400,1900,3100,1000,1600,2300,14.75
309,132,BRABCBACNPR4BR00,ABCB4,1620146276459272,14.74,14.73,14.72,14.76,14.77,14.78,1400,1900,3100,1000,1300,2300,14.75
310,132,BRABCBACNPR4BR00,ABCB4,1620146276460416,14.74,14.73,14.72,14.76,14.77,14.78,1400,1900,3100,1000,1300,2300,14.75
311,132,BRABCBACNPR4BR00,ABCB4,1620146553959146,14.75,14.74,14.73,14.76,14.77,14.78,1200,1600,3900,1200,900,2600,14.76
312,139,BRABEVACNOR1BR00,ABEV3,1620146127853825,14.57,14.56,14.55,14.58,14.59,14.6,110400,47000,46000,70700,77800,47700,14.58
313,139,BRABEVACNOR1BR00,ABEV3,1620146127855047,14.57,14.56,14.55,14.58,14.59,14.6,110400,47000,46000,70800,81500,45800,14.58
314,139,BRABEVACNOR1BR00,ABEV3,1620146242427584,14.57,14.56,14.55,14.58,14.59,14.6,75900,51600,45900,65600,68700,55300,14.58
315,139,BRABEVACNOR1BR00,ABEV3,1620146242930263,14.57,14.56,14.55,14.58,14.59,14.6,75900,51600,45900,65500,68700,55300,14.58
316,139,BRABEVACNOR1BR00,ABEV3,1620146242931493,14.57,14.56,14.55,14.58,14.59,14.6,75900,51600,45900,65600,68700,55300,14.58
317,139,BRABEVACNOR1BR00,ABEV3,1620146364015941,14.57,14.56,14.55,14.58,14.59,14.6,122900,50500,45900,52100,32600,52500,14.58
318,139,BRABEVACNOR1BR00,ABEV3,1620146364016717,14.57,14.56,14.55,14.58,14.59,14.6,122900,50500,45900,52100,32600,50800,14.58
319,139,BRABEVACNOR1BR00,ABEV3,1620146364018157,14.57,14.56,14.55,14.58,14.59,14.6,122900,50500,45900,52100,32600,50800,14.58
320,139,BRABEVACNOR1BR00,ABEV3,1620146364019130,14.57,14.56,14.55,14.59,14.6,14.61,122900,50500,45900,32600,50800,67300,14.58
321,139,BRABEVACNOR1BR00,ABEV3,1620146364020773,14.58,14.57,14.56,14.59,14.6,14.61,10900,126000,50500,23400,47400,67300,14.58
322,139,BRABEVACNOR1BR00,ABEV3,1620146364021186,14.58,14.57,14.56,14.59,14.6,14.61,10900,126000,50500,21200,47400,67300,14.58
323,139,BRABEVACNOR1BR00,ABEV3,1620146364025777,14.58,14.57,14.56,14.59,14.6,14.61,22500,130700,54600,21400,33300,66800,14.58
324,139,BRABEVACNOR1BR00,ABEV3,1620146384734374,14.58,14.57,14.56,14.59,14.6,14.61,85000,81500,56100,40500,43800,56000,14.59
325,139,BRABEVACNOR1BR00,ABEV3,1620146384734846,14.58,14.57,14.56,14.59,14.6,14.61,85000,81500,56100,40500,41000,56000,14.59
326,139,BRABEVACNOR1BR00,ABEV3,1620146384736001,14.58,14.57,14.56,14.59,14.6,14.61,85000,81500,56100,40600,41000,56000,14.59
327,139,BRABEVACNOR1BR00,ABEV3,1620146459353652,14.58,14.57,14.56,14.59,14.6,14.61,75400,58900,56600,31300,42400,60100,14.58
328,139,BRABEVACNOR1BR00,ABEV3,1620146459353916,14.58,14.57,14.56,14.59,14.6,14.61,75400,58900,56600,500,42400,60100,14.59
329,139,BRABEVACNOR1BR00,ABEV3,1620146459356546,14.58,14.57,14.56,14.59,14.6,14.61,75400,58900,56600,600,39900,55600,14.59
330,139,BRABEVACNOR1BR00,ABEV3,1620146459357789,14.58,14.57,14.56,14.59,14.6,14.61,76700,57600,56600,100,39900,52000,14.59
331,139,BRABEVACNOR1BR00,ABEV3,1620146459360757,14.58,14.57,14.56,14.6,14.61,14.62,76700,57600,56600,40000,52000,57100,14.59
332,139,BRABEVACNOR1BR00,ABEV3,1620146459483438,14.58,14.57,14.56,14.59,14.6,14.61,91100,53900,56600,400,37600,49800,14.59
333,139,BRABEVACNOR1BR00,ABEV3,1620146459484838,14.58,14.57,14.56,14.59,14.6,14.61,87300,53900,56600,500,37500,47000,14.59
334,139,BRABEVACNOR1BR00,ABEV3,1620146459751786,14.58,14.57,14.56,14.6,14.61,14.62,69200,57600,56600,37200,49500,58800,14.6
335,139,BRABEVACNOR1BR00,ABEV3,1620146459751941,14.58,14.57,14.56,14.6,14.61,14.62,69200,57600,56600,37200,49500,58800,14.6
336,139,BRABEVACNOR1BR00,ABEV3,1620146459858174,14.58,14.57,14.56,14.6,14.61,14.62,69200,57600,56600,42700,49500,58800,14.6
337,139,BRABEVACNOR1BR00,ABEV3,1620146459859316,14.58,14.57,14.56,14.6,14.61,14.62,69200,57600,56600,42800,49500,58800,14.6
338,139,BRABEVACNOR1BR00,ABEV3,1620146459880388,14.58,14.57,14.56,14.59,14.6,14.61,69200,57600,56600,400,42800,49500,14.6
339,139,BRABEVACNOR1BR00,ABEV3,1620146459881603,14.58,14.57,14.56,14.59,14.6,14.61,69200,57600,56600,500,42700,49500,14.6
340,139,BRABEVACNOR1BR00,ABEV3,1620146464698953,14.58,14.57,14.56,14.59,14.6,14.61,79800,61000,56700,38000,33800,52800,14.59
341,139,BRABEVACNOR1BR00,ABEV3,1620146464699615,14.58,14.57,14.56,14.59,14.6,14.61,79800,61000,56700,38000,33800,53500,14.59
342,139,BRABEVACNOR1BR00,ABEV3,1620146464700737,14.58,14.57,14.56,14.59,14.6,14.61,79800,61000,56700,38100,33800,53500,14.59
343,139,BRABEVACNOR1BR00,ABEV3,1620146477817671,14.58,14.57,14.56,14.59,14.6,14.61,132700,59700,56700,400,40000,47000,14.59
344,429,BRALPAACNPR7BR00,ALPA4,1620146127998393,44.98,44.97,44.96,44.99,45.0,45.02,600,800,300,300,2100,800,44.99
345,429,BRALPAACNPR7BR00,ALPA4,1620146127998420,44.98,44.97,44.96,44.99,45.0,45.02,600,800,300,300,2100,800,44.99
346,429,BRALPAACNPR7BR00,ALPA4,1620146128125054,44.98,44.97,44.96,44.99,45.0,45.02,700,700,300,300,2100,800,44.99
347,429,BRALPAACNPR7BR00,ALPA4,1620146128125074,44.98,44.97,44.96,44.99,45.0,45.02,700,700,300,300,2100,800,44.99
348,429,BRALPAACNPR7BR00,ALPA4,1620146128125691,44.98,44.97,44.96,44.99,45.0,45.02,700,700,300,300,2100,800,44.99
349,429,BRALPAACNPR7BR00,ALPA4,1620146128125709,44.98,44.97,44.96,44.99,45.0,45.02,700,700,300,300,2100,800,44.99
350,429,BRALPAACNPR7BR00,ALPA4,1620146128126134,44.98,44.97,44.96,44.99,45.0,45.02,700,700,300,300,2100,800,44.99
351,429,BRALPAACNPR7BR00,ALPA4,1620146128126153,44.98,44.97,44.96,44.99,45.0,45.02,700,700,300,300,2100,800,44.99
352,429,BRALPAACNPR7BR00,ALPA4,1620146128127014,44.98,44.97,44.96,44.99,45.0,45.02,700,700,300,300,2100,800,44.99
353,429,BRALPAACNPR7BR00,ALPA4,1620146128127034,44.98,44.97,44.96,44.99,45.0,45.02,700,700,300,300,2100,800,44.99
354,429,BRALPAACNPR7BR00,ALPA4,1620146130734924,44.98,44.97,44.96,44.99,45.0,45.02,600,700,300,300,2100,800,44.98
355,429,BRALPAACNPR7BR00,ALPA4,1620146130734951,44.98,44.97,44.96,44.99,45.0,45.02,600,700,300,300,2100,800,44.98
356,429,BRALPAACNPR7BR00,ALPA4,1620146130817944,44.98,44.97,44.96,44.99,45.0,45.02,700,700,300,300,2100,800,44.98
357,429,BRALPAACNPR7BR00,ALPA4,1620146130819017,44.98,44.97,44.96,44.99,45.0,45.02,700,700,300,400,2100,800,44.98
358,429,BRALPAACNPR7BR00,ALPA4,1620146136735606,44.96,44.95,44.94,44.98,44.99,45.0,200,200,300,100,1700,2100,44.97
359,429,BRALPAACNPR7BR00,ALPA4,1620146136736890,44.96,44.95,44.94,44.98,44.99,45.0,200,200,200,600,1600,2100,44.97
360,429,BRALPAACNPR7BR00,ALPA4,1620146136771853,44.96,44.95,44.94,44.99,45.0,45.01,200,200,200,1700,2100,100,44.98
361,429,BRALPAACNPR7BR00,ALPA4,1620146136772030,44.96,44.95,44.94,44.99,45.0,45.01,200,200,200,1700,2100,100,44.98
362,429,BRALPAACNPR7BR00,ALPA4,1620146136866018,44.97,44.96,44.95,44.99,45.0,45.01,100,200,200,1700,2100,100,44.98
363,429,BRALPAACNPR7BR00,ALPA4,1620146136867292,44.97,44.96,44.95,44.99,45.0,45.01,100,200,200,1800,2100,100,44.98
364,429,BRALPAACNPR7BR00,ALPA4,1620146145883055,44.97,44.96,44.95,44.98,44.99,45.0,1300,600,200,100,1800,2200,44.98
365,429,BRALPAACNPR7BR00,ALPA4,1620146145884258,44.97,44.96,44.95,44.98,44.99,45.0,1300,600,200,200,1700,2200,44.98
366,429,BRALPAACNPR7BR00,ALPA4,1620146161682051,44.97,44.96,44.95,44.98,44.99,45.0,2000,100,200,1800,1700,2100,44.98
367,511,BRALSOACNOR5BR00,ALSO3,1620146129980377,26.21,26.2,26.19,26.23,26.24,26.25,500,800,3200,700,1300,900,26.21
368,511,BRALSOACNOR5BR00,ALSO3,1620146129980405,26.21,26.2,26.19,26.23,26.24,26.25,500,800,3200,700,1300,900,26.21
369,511,BRALSOACNOR5BR00,ALSO3,1620146130078564,26.21,26.2,26.19,26.23,26.24,26.25,500,800,3200,700,900,900,26.21
370,511,BRALSOACNOR5BR00,ALSO3,1620146130078586,26.21,26.2,26.19,26.23,26.24,26.25,500,800,3200,700,900,900,26.21
371,511,BRALSOACNOR5BR00,ALSO3,1620146130203047,26.21,26.2,26.19,26.23,26.24,26.25,500,800,3300,700,900,900,26.21
372,511,BRALSOACNOR5BR00,ALSO3,1620146130203069,26.21,26.2,26.19,26.23,26.24,26.25,500,800,3300,700,900,900,26.21
373,511,BRALSOACNOR5BR00,ALSO3,1620146130326450,26.21,26.2,26.19,26.23,26.24,26.25,500,800,3300,700,1300,900,26.21
374,511,BRALSOACNOR5BR00,ALSO3,1620146130326470,26.21,26.2,26.19,26.23,26.24,26.25,500,800,3300,700,1300,900,26.21
375,511,BRALSOACNOR5BR00,ALSO3,1620146130484051,26.21,26.2,26.19,26.23,26.24,26.25,500,800,3300,800,1300,900,26.21
376,511,BRALSOACNOR5BR00,ALSO3,1620146130484071,26.21,26.2,26.19,26.23,26.24,26.25,500,800,3300,800,1300,900,26.21
377,511,BRALSOACNOR5BR00,ALSO3,1620146130682492,26.21,26.2,26.19,26.23,26.24,26.25,500,800,3300,800,900,900,26.21
378,511,BRALSOACNOR5BR00,ALSO3,1620146130682517,26.21,26.2,26.19,26.23,26.24,26.25,500,800,3300,800,900,900,26.21
379,511,BRALSOACNOR5BR00,ALSO3,1620146131215215,26.21,26.2,26.19,26.23,26.24,26.25,500,800,3300,800,1300,900,26.21
380,511,BRALSOACNOR5BR00,ALSO3,1620146131215234,26.21,26.2,26.19,26.23,26.24,26.25,500,800,3300,800,1300,900,26.21
381,511,BRALSOACNOR5BR00,ALSO3,1620146131254029,26.21,26.2,26.19,26.23,26.24,26.25,500,800,3300,800,900,900,26.21
382,511,BRALSOACNOR5BR00,ALSO3,1620146131254049,26.21,26.2,26.19,26.23,26.24,26.25,500,800,3300,800,900,900,26.21
383,511,BRALSOACNOR5BR00,ALSO3,1620146131624745,26.21,26.2,26.19,26.22,26.23,26.24,500,800,3300,100,800,900,26.21
384,511,BRALSOACNOR5BR00,ALSO3,1620146131624765,26.21,26.2,26.19,26.22,26.23,26.24,500,800,3300,100,800,900,26.21
385,511,BRALSOACNOR5BR00,ALSO3,1620146131625696,26.21,26.2,26.19,26.22,26.23,26.24,500,800,3300,100,800,1300,26.21
386,511,BRALSOACNOR5BR00,ALSO3,1620146131625715,26.21,26.2,26.19,26.22,26.23,26.24,500,800,3300,100,800,1300,26.21
387,511,BRALSOACNOR5BR00,ALSO3,1620146131986939,26.21,26.2,26.19,26.22,26.23,26.24,500,800,3300,300,600,1300,26.21
388,511,BRALSOACNOR5BR00,ALSO3,1620146131988141,26.21,26.2,26.19,26.22,26.23,26.24,600,800,3300,300,600,1300,26.21
389,511,BRALSOACNOR5BR00,ALSO3,1620146143115863,26.22,26.21,26.2,26.23,26.24,26.25,100,700,900,400,300,500,26.22
390,511,BRALSOACNOR5BR00,ALSO3,1620146143115890,26.22,26.21,26.2,26.23,26.24,26.25,100,700,900,400,300,500,26.22
391,511,BRALSOACNOR5BR00,ALSO3,1620146244027032,26.21,26.2,26.19,26.22,26.23,26.24,600,800,2300,500,200,800,26.21
392,511,BRALSOACNOR5BR00,ALSO3,1620146244029106,26.21,26.2,26.19,26.22,26.23,26.24,600,800,2300,500,600,800,26.21
393,511,BRALSOACNOR5BR00,ALSO3,1620146244033617,26.21,26.2,26.19,26.22,26.23,26.24,700,800,2300,500,600,800,26.21
394,511,BRALSOACNOR5BR00,ALSO3,1620146244227575,26.22,26.21,26.2,26.23,26.24,26.25,300,700,800,100,800,700,26.22
395,511,BRALSOACNOR5BR00,ALSO3,1620146244228917,26.22,26.21,26.2,26.23,26.24,26.25,400,900,800,100,600,700,26.22
396,511,BRALSOACNOR5BR00,ALSO3,1620146269609032,26.21,26.2,26.19,26.23,26.24,26.25,600,1000,3200,600,600,700,26.22
397,511,BRALSOACNOR5BR00,ALSO3,1620146269609861,26.21,26.2,26.19,26.23,26.24,26.25,600,900,3200,600,600,700,26.22
398,511,BRALSOACNOR5BR00,ALSO3,1620146269610139,26.21,26.2,26.19,26.23,26.24,26.25,600,900,3000,600,600,700,26.22
399,511,BRALSOACNOR5BR00,ALSO3,1620146269611999,26.21,26.2,26.19,26.23,26.24,26.25,700,800,2400,600,800,700,26.22
400,511,BRALSOACNOR5BR00,ALSO3,1620146281215956,26.2,26.19,26.18,26.22,26.23,26.24,500,2300,1300,500,600,700,26.21
401,511,BRALSOACNOR5BR00,ALSO3,1620146281216138,26.2,26.19,26.18,26.22,26.23,26.24,500,2300,1300,500,600,700,26.21
402,511,BRALSOACNOR5BR00,ALSO3,1620146281216861,26.2,26.19,26.18,26.22,26.23,26.24,500,900,1300,500,600,700,26.21
403,511,BRALSOACNOR5BR00,ALSO3,1620146281218081,26.2,26.19,26.18,26.22,26.23,26.24,100,600,1100,600,800,700,26.21
404,511,BRALSOACNOR5BR00,ALSO3,1620146281218368,26.2,26.19,26.18,26.22,26.23,26.24,100,600,1100,500,800,700,26.21
405,511,BRALSOACNOR5BR00,ALSO3,1620146281219545,26.2,26.19,26.18,26.22,26.23,26.24,100,600,1100,500,600,700,26.21
406,511,BRALSOACNOR5BR00,ALSO3,1620146281222336,26.2,26.19,26.18,26.22,26.23,26.24,200,600,1100,500,600,700,26.21
407,511,BRALSOACNOR5BR00,ALSO3,1620146281223531,26.2,26.19,26.18,26.22,26.23,26.24,300,500,1100,500,600,900,26.21
408,511,BRALSOACNOR5BR00,ALSO3,1620146288483745,26.19,26.18,26.17,26.2,26.22,26.23,500,1100,2700,400,400,600,26.2
409,511,BRALSOACNOR5BR00,ALSO3,1620146288483836,26.19,26.18,26.17,26.2,26.22,26.23,500,1100,2700,400,400,600,26.2
410,511,BRALSOACNOR5BR00,ALSO3,1620146288484471,26.19,26.18,26.17,26.2,26.22,26.23,500,1000,2700,400,400,600,26.2
411,511,BRALSOACNOR5BR00,ALSO3,1620146288485879,26.19,26.18,26.17,26.2,26.22,26.23,600,400,2700,400,1000,600,26.2
412,511,BRALSOACNOR5BR00,ALSO3,1620146304653309,26.2,26.19,26.18,26.21,26.22,26.23,100,600,700,100,200,400,26.2
413,511,BRALSOACNOR5BR00,ALSO3,1620146304654781,26.2,26.19,26.18,26.21,26.22,26.23,700,900,700,100,200,700,26.2
414,511,BRALSOACNOR5BR00,ALSO3,1620146311994758,26.21,26.2,26.19,26.22,26.23,26.24,100,800,1000,100,500,900,26.21
415,511,BRALSOACNOR5BR00,ALSO3,1620146311996092,26.21,26.2,26.19,26.23,26.24,26.25,700,1000,1600,400,600,800,26.21
416,511,BRALSOACNOR5BR00,ALSO3,1620146311997135,26.22,26.21,26.2,26.23,26.24,26.25,300,700,1300,100,500,800,26.21
417,511,BRALSOACNOR5BR00,ALSO3,1620146311998435,26.22,26.21,26.2,26.23,26.24,26.25,400,700,1300,100,500,700,26.21
418,511,BRALSOACNOR5BR00,ALSO3,1620146337459808,26.23,26.22,26.21,26.24,26.25,26.26,100,900,1000,100,200,700,26.23
419,511,BRALSOACNOR5BR00,ALSO3,1620146337461330,26.23,26.22,26.21,26.24,26.25,26.26,700,1100,1000,100,100,500,26.23
420,511,BRALSOACNOR5BR00,ALSO3,1620146341275840,26.23,26.22,26.21,26.25,26.26,26.27,100,700,1000,400,700,1300,26.23
421,511,BRALSOACNOR5BR00,ALSO3,1620146341277099,26.22,26.21,26.2,26.25,26.26,26.27,800,1000,1300,400,700,1300,26.23
422,511,BRALSOACNOR5BR00,ALSO3,1620146341277763,26.23,26.22,26.21,26.25,26.26,26.27,100,800,1000,400,700,1300,26.23
423,511,BRALSOACNOR5BR00,ALSO3,1620146341278883,26.23,26.22,26.21,26.25,26.26,26.27,200,700,1000,300,700,1300,26.23
424,511,BRALSOACNOR5BR00,ALSO3,1620146345493410,26.23,26.22,26.21,26.24,26.25,26.26,100,800,900,100,700,700,26.23
425,511,BRALSOACNOR5BR00,ALSO3,1620146345494713,26.22,26.21,26.2,26.24,26.25,26.26,900,900,1300,100,700,700,26.23
426,511,BRALSOACNOR5BR00,ALSO3,1620146345577312,26.23,26.22,26.21,26.24,26.25,26.26,100,1000,700,100,300,900,26.23
427,511,BRALSOACNOR5BR00,ALSO3,1620146345578530,26.23,26.22,26.21,26.24,26.25,26.26,300,900,700,100,300,900,26.23
428,511,BRALSOACNOR5BR00,ALSO3,1620146347100033,26.22,26.21,26.2,26.24,26.25,26.26,800,700,1500,1200,700,900,26.23
429,511,BRALSOACNOR5BR00,ALSO3,1620146347100283,26.22,26.21,26.2,26.24,26.25,26.26,800,700,1500,1200,700,900,26.23
430,674,BRALUPCDAM15BR00,ALUP11,1620146129366815,26.69,26.68,26.67,26.71,26.72,26.73,1200,800,700,700,800,600,26.71
431,674,BRALUPCDAM15BR00,ALUP11,1620146129366842,26.69,26.68,26.67,26.71,26.72,26.73,1200,800,700,700,800,600,26.71
432,674,BRALUPCDAM15BR00,ALUP11,1620146130142017,26.69,26.68,26.67,26.71,26.72,26.73,1300,800,700,700,800,600,26.71
433,674,BRALUPCDAM15BR00,ALUP11,1620146130142036,26.69,26.68,26.67,26.71,26.72,26.73,1300,800,700,700,800,600,26.71
434,674,BRALUPCDAM15BR00,ALUP11,1620146130146058,26.69,26.68,26.67,26.71,26.72,26.73,1200,800,700,700,800,600,26.69
435,674,BRALUPCDAM15BR00,ALUP11,1620146130146075,26.69,26.68,26.67,26.71,26.72,26.73,1200,800,700,700,800,600,26.69
436,674,BRALUPCDAM15BR00,ALUP11,1620146130146118,26.69,26.68,26.67,26.71,26.72,26.73,1200,800,700,500,800,600,26.69
437,674,BRALUPCDAM15BR00,ALUP11,1620146130146141,26.69,26.68,26.67,26.71,26.72,26.73,1200,800,700,500,800,600,26.69
438,674,BRALUPCDAM15BR00,ALUP11,1620146130146715,26.69,26.68,26.67,26.71,26.72,26.73,1100,800,700,500,800,600,26.69
439,674,BRALUPCDAM15BR00,ALUP11,1620146130146734,26.69,26.68,26.67,26.71,26.72,26.73,1100,800,700,500,800,600,26.69
440,674,BRALUPCDAM15BR00,ALUP11,1620146130147007,26.69,26.68,26.67,26.71,26.72,26.73,1100,800,700,600,800,600,26.69
441,674,BRALUPCDAM15BR00,ALUP11,1620146130147019,26.69,26.68,26.67,26.71,26.72,26.73,1100,800,700,600,800,600,26.69
442,674,BRALUPCDAM15BR00,ALUP11,1620146130147899,26.69,26.68,26.67,26.71,26.72,26.73,1100,800,700,500,800,600,26.69
443,674,BRALUPCDAM15BR00,ALUP11,1620146130147927,26.69,26.68,26.67,26.71,26.72,26.73,1100,800,700,500,800,600,26.69
444,674,BRALUPCDAM15BR00,ALUP11,1620146130542119,26.69,26.68,26.67,26.71,26.72,26.73,1200,800,700,500,800,600,26.69
445,674,BRALUPCDAM15BR00,ALUP11,1620146130542141,26.69,26.68,26.67,26.71,26.72,26.73,1200,800,700,500,800,600,26.69
446,674,BRALUPCDAM15BR00,ALUP11,1620146130649029,26.69,26.68,26.67,26.71,26.72,26.73,1100,800,700,500,800,600,26.69
447,674,BRALUPCDAM15BR00,ALUP11,1620146130649047,26.69,26.68,26.67,26.71,26.72,26.73,1100,800,700,500,800,600,26.69
448,674,BRALUPCDAM15BR00,ALUP11,1620146130649695,26.69,26.68,26.67,26.71,26.72,26.73,1000,800,700,500,800,600,26.69
449,674,BRALUPCDAM15BR00,ALUP11,1620146130649712,26.69,26.68,26.67,26.71,26.72,26.73,1000,800,700,500,800,600,26.69
450,674,BRALUPCDAM15BR00,ALUP11,1620146131321091,26.69,26.68,26.67,26.71,26.72,26.73,1100,800,700,500,800,600,26.69
451,674,BRALUPCDAM15BR00,ALUP11,1620146131321112,26.69,26.68,26.67,26.71,26.72,26.73,1100,800,700,500,800,600,26.69
452,674,BRALUPCDAM15BR00,ALUP11,1620146133708948,26.69,26.68,26.67,26.71,26.72,26.73,1100,800,700,500,900,500,26.69
453,674,BRALUPCDAM15BR00,ALUP11,1620146133708970,26.69,26.68,26.67,26.71,26.72,26.73,1100,800,700,500,900,500,26.69
454,674,BRALUPCDAM15BR00,ALUP11,1620146133711508,26.69,26.68,26.67,26.71,26.72,26.73,1200,800,700,500,900,500,26.69
455,674,BRALUPCDAM15BR00,ALUP11,1620146133711526,26.69,26.68,26.67,26.71,26.72,26.73,1200,800,700,500,900,500,26.69
456,674,BRALUPCDAM15BR00,ALUP11,1620146136720843,26.69,26.68,26.67,26.71,26.72,26.73,1200,800,700,400,900,500,26.71
457,674,BRALUPCDAM15BR00,ALUP11,1620146136722211,26.69,26.68,26.67,26.71,26.72,26.73,1300,800,700,400,900,500,26.71
458,674,BRALUPCDAM15BR00,ALUP11,1620146143159298,26.7,26.69,26.68,26.71,26.72,26.73,100,1300,800,400,900,500,26.71
459,674,BRALUPCDAM15BR00,ALUP11,1620146143159317,26.7,26.69,26.68,26.71,26.72,26.73,100,1300,800,400,900,500,26.71
460,674,BRALUPCDAM15BR00,ALUP11,1620146183214595,26.69,26.68,26.67,26.71,26.72,26.73,1000,900,700,500,1300,600,26.71
461,674,BRALUPCDAM15BR00,ALUP11,1620146183214711,26.69,26.68,26.67,26.71,26.72,26.73,300,900,700,500,1300,600,26.69
462,674,BRALUPCDAM15BR00,ALUP11,1620146183215906,26.69,26.68,26.67,26.7,26.71,26.72,400,900,700,200,600,1300,26.69
463,674,BRALUPCDAM15BR00,ALUP11,1620146213440517,26.7,26.69,26.68,26.71,26.72,26.73,100,700,900,300,1300,600,26.71
464,674,BRALUPCDAM15BR00,ALUP11,1620146213441767,26.7,26.69,26.68,26.71,26.72,26.73,200,600,1000,300,1300,600,26.71
465,674,BRALUPCDAM15BR00,ALUP11,1620146213443122,26.7,26.69,26.68,26.71,26.72,26.73,100,600,1000,200,1300,500,26.7
466,674,BRALUPCDAM15BR00,ALUP11,1620146213444241,26.69,26.68,26.67,26.71,26.72,26.73,700,1000,600,200,1300,500,26.7
467,674,BRALUPCDAM15BR00,ALUP11,1620146221222469,26.7,26.69,26.68,26.71,26.72,26.73,100,500,800,1000,1300,600,26.71
468,674,BRALUPCDAM15BR00,ALUP11,1620146221223673,26.7,26.69,26.68,26.71,26.72,26.73,200,400,800,1000,1300,600,26.71
469,674,BRALUPCDAM15BR00,ALUP11,1620146221224757,26.69,26.68,26.67,26.7,26.71,26.72,400,800,600,300,500,1300,26.7
470,674,BRALUPCDAM15BR00,ALUP11,1620146221224887,26.69,26.68,26.67,26.7,26.71,26.72,400,800,600,300,500,1300,26.7
471,674,BRALUPCDAM15BR00,ALUP11,1620146221225027,26.69,26.68,26.67,26.7,26.71,26.72,400,800,600,300,500,1300,26.7
472,674,BRALUPCDAM15BR00,ALUP11,1620146221226200,26.69,26.68,26.67,26.7,26.71,26.72,400,800,600,300,500,1600,26.7
473,674,BRALUPCDAM15BR00,ALUP11,1620146235219832,26.69,26.68,26.67,26.71,26.72,26.73,200,500,600,600,1300,600,26.69
474,674,BRALUPCDAM15BR00,ALUP11,1620146235226583,26.7,26.69,26.68,26.71,26.72,26.73,100,200,500,600,1300,600,26.69
475,674,BRALUPCDAM15BR00,ALUP11,1620146235227675,26.7,26.69,26.68,26.71,26.72,26.73,200,200,500,500,1300,600,26.69
476,674,BRALUPCDAM15BR00,ALUP11,1620146235229389,26.69,26.68,26.67,26.7,26.71,26.72,200,600,600,100,200,1300,26.7
477,674,BRALUPCDAM15BR00,ALUP11,1620146235229553,26.69,26.68,26.67,26.7,26.71,26.72,200,600,600,100,200,1300,26.7
478,674,BRALUPCDAM15BR00,ALUP11,1620146235230040,26.69,26.68,26.67,26.7,26.71,26.72,200,500,600,100,200,1300,26.7
479,674,BRALUPCDAM15BR00,ALUP11,1620146235231184,26.69,26.68,26.67,26.7,26.71,26.72,400,500,600,100,200,1300,26.7
480,674,BRALUPCDAM15BR00,ALUP11,1620146236137323,26.69,26.68,26.67,26.71,26.72,26.73,100,600,600,500,1300,600,26.69
481,674,BRALUPCDAM15BR00,ALUP11,1620146236140168,26.68,26.67,26.66,26.71,26.72,26.73,700,600,800,700,1300,600,26.69
482,674,BRALUPCDAM15BR00,ALUP11,1620146249468151,26.69,26.68,26.67,26.71,26.72,26.73,200,900,600,800,1200,700,26.71
483,674,BRALUPCDAM15BR00,ALUP11,1620146249469390,26.69,26.68,26.67,26.71,26.72,26.73,300,800,600,800,1200,700,26.71
484,674,BRALUPCDAM15BR00,ALUP11,1620146251458918,26.69,26.68,26.67,26.71,26.72,26.73,100,700,600,700,1200,700,26.69
485,674,BRALUPCDAM15BR00,ALUP11,1620146251460118,26.68,26.67,26.66,26.71,26.72,26.73,800,600,900,700,1200,700,26.69
486,674,BRALUPCDAM15BR00,ALUP11,1620146251811147,26.7,26.68,26.67,26.71,26.72,26.73,100,800,600,800,1200,700,26.69
487,674,BRALUPCDAM15BR00,ALUP11,1620146251812266,26.7,26.68,26.67,26.71,26.72,26.73,200,700,600,800,1200,700,26.69
488,674,BRALUPCDAM15BR00,ALUP11,1620146251813640,26.7,26.68,26.67,26.71,26.72,26.73,100,700,600,400,1200,700,26.7
489,674,BRALUPCDAM15BR00,ALUP11,1620146251814768,26.68,26.67,26.66,26.71,26.72,26.73,800,600,900,400,1200,700,26.7
490,674,BRALUPCDAM15BR00,ALUP11,1620146251950636,26.69,26.68,26.67,26.71,26.72,26.73,100,700,600,1000,1200,700,26.7
491,674,BRALUPCDAM15BR00,ALUP11,1620146251952079,26.69,26.68,26.67,26.71,26.72,26.73,200,600,600,1000,1200,700,26.7
492,674,BRALUPCDAM15BR00,ALUP11,1620146265158947,26.69,26.68,26.67,26.7,26.71,26.72,100,700,600,1300,300,1400,26.69
493,674,BRALUPCDAM15BR00,ALUP11,1620146265160182,26.68,26.67,26.66,26.7,26.71,26.72,800,600,900,1100,300,1400,26.69
494,674,BRALUPCDAM15BR00,ALUP11,1620146281405288,26.69,26.68,26.67,26.76,26.77,26.78,200,700,600,600,700,800,26.76
495,674,BRALUPCDAM15BR00,ALUP11,1620146281407197,26.69,26.68,26.67,26.7,26.76,26.77,1100,900,700,500,200,700,26.76
496,674,BRALUPCDAM15BR00,ALUP11,1620146281409523,26.7,26.69,26.68,26.75,26.76,26.77,200,1000,800,100,300,2200,26.7
497,674,BRALUPCDAM15BR00,ALUP11,1620146281410886,26.7,26.69,26.68,26.75,26.76,26.77,700,1000,1000,200,300,2200,26.7
498,674,BRALUPCDAM15BR00,ALUP11,1620146281416198,26.71,26.7,26.69,26.76,26.77,26.78,200,900,900,200,2200,800,26.76
499,674,BRALUPCDAM15BR00,ALUP11,1620146281417442,26.71,26.7,26.69,26.76,26.77,26.78,500,800,900,400,2200,800,26.76
500,674,BRALUPCDAM15BR00,ALUP11,1620146281419246,26.72,26.71,26.7,26.76,26.77,26.78,200,600,700,400,2200,800,26.76
501,674,BRALUPCDAM15BR00,ALUP11,1620146281419269,26.72,26.71,26.7,26.76,26.77,26.78,200,600,700,400,2200,800,26.76
502,674,BRALUPCDAM15BR00,ALUP11,1620146281421234,26.73,26.71,26.7,26.76,26.77,26.78,200,500,700,400,700,800,26.72
503,674,BRALUPCDAM15BR00,ALUP11,1620146281421255,26.73,26.71,26.7,26.76,26.77,26.78,200,500,700,400,700,800,26.72
504,674,BRALUPCDAM15BR00,ALUP11,1620146281426803,26.71,26.7,26.69,26.75,26.76,26.77,100,700,800,500,500,700,26.71
505,674,BRALUPCDAM15BR00,ALUP11,1620146281426826,26.71,26.7,26.69,26.75,26.76,26.77,100,700,800,500,500,700,26.71
506,674,BRALUPCDAM15BR00,ALUP11,1620146281426993,26.71,26.7,26.69,26.75,26.76,26.77,100,700,800,500,500,700,26.71
507,674,BRALUPCDAM15BR00,ALUP11,1620146281427810,26.71,26.7,26.69,26.74,26.75,26.76,100,700,800,200,500,500,26.71
508,674,BRALUPCDAM15BR00,ALUP11,1620146281427857,26.71,26.7,26.69,26.74,26.75,26.76,200,700,800,200,500,500,26.71
509,674,BRALUPCDAM15BR00,ALUP11,1620146281428620,26.71,26.7,26.69,26.75,26.76,26.77,200,700,800,500,500,700,26.71
510,674,BRALUPCDAM15BR00,ALUP11,1620146281428639,26.71,26.7,26.69,26.75,26.76,26.77,200,700,800,500,500,700,26.71
511,674,BRALUPCDAM15BR00,ALUP11,1620146281428851,26.71,26.7,26.69,26.74,26.75,26.76,200,700,800,100,500,500,26.71
512,674,BRALUPCDAM15BR00,ALUP11,1620146281428881,26.71,26.7,26.69,26.74,26.75,26.76,200,700,800,200,500,500,26.71
513,674,BRALUPCDAM15BR00,ALUP11,1620146281429504,26.71,26.7,26.69,26.74,26.75,26.76,300,700,800,200,500,500,26.71
514,674,BRALUPCDAM15BR00,ALUP11,1620146281429533,26.71,26.7,26.69,26.74,26.75,26.76,300,700,800,200,500,500,26.71
515,674,BRALUPCDAM15BR00,ALUP11,1620146281431899,26.7,26.69,26.68,26.71,26.74,26.75,700,800,900,200,200,500,26.71
516,674,BRALUPCDAM15BR00,ALUP11,1620146281431920,26.7,26.69,26.68,26.71,26.74,26.75,700,800,900,200,200,500,26.71
517,674,BRALUPCDAM15BR00,ALUP11,1620146281432608,26.7,26.69,26.68,26.71,26.74,26.75,700,800,900,200,200,500,26.71
518,674,BRALUPCDAM15BR00,ALUP11,1620146281432628,26.7,26.69,26.68,26.71,26.74,26.75,700,800,900,200,200,500,26.71
519,674,BRALUPCDAM15BR00,ALUP11,1620146281432672,26.7,26.69,26.68,26.71,26.74,26.75,600,700,900,200,200,500,26.71
520,674,BRALUPCDAM15BR00,ALUP11,1620146281432698,26.7,26.69,26.68,26.71,26.74,26.75,600,700,900,200,200,500,26.71
521,674,BRALUPCDAM15BR00,ALUP11,1620146281432899,26.7,26.69,26.68,26.71,26.74,26.75,600,700,900,200,400,500,26.71
522,674,BRALUPCDAM15BR00,ALUP11,1620146281432915,26.7,26.69,26.68,26.71,26.74,26.75,600,700,900,200,400,500,26.71
523,674,BRALUPCDAM15BR00,ALUP11,1620146281433055,26.7,26.69,26.68,26.74,26.75,26.76,600,700,900,400,500,400,26.71
524,674,BRALUPCDAM15BR00,ALUP11,1620146281433082,26.7,26.69,26.68,26.74,26.75,26.76,600,700,900,400,500,400,26.71
525,674,BRALUPCDAM15BR00,ALUP11,1620146281433106,26.7,26.69,26.68,26.74,26.75,26.76,600,700,900,400,600,400,26.71
526,674,BRALUPCDAM15BR00,ALUP11,1620146281433123,26.7,26.69,26.68,26.74,26.75,26.76,600,700,900,400,600,400,26.71
527,674,BRALUPCDAM15BR00,ALUP11,1620146281433739,26.7,26.69,26.68,26.74,26.75,26.76,600,700,900,200,600,400,26.71
528,674,BRALUPCDAM15BR00,ALUP11,1620146281433758,26.7,26.69,26.68,26.74,26.75,26.76,600,700,900,200,600,400,26.71
529,674,BRALUPCDAM15BR00,ALUP11,1620146281433851,26.7,26.69,26.68,26.74,26.75,26.76,700,700,900,200,600,400,26.71
530,674,BRALUPCDAM15BR00,ALUP11,1620146281433870,26.7,26.69,26.68,26.74,26.75,26.76,700,700,900,200,600,400,26.71
531,674,BRALUPCDAM15BR00,ALUP11,1620146281434010,26.71,26.7,26.69,26.74,26.75,26.76,200,700,700,200,600,400,26.71
532,674,BRALUPCDAM15BR00,ALUP11,1620146281434027,26.71,26.7,26.69,26.74,26.75,26.76,200,700,700,200,600,400,26.71
533,674,BRALUPCDAM15BR00,ALUP11,1620146281434078,26.71,26.7,26.69,26.74,26.75,26.76,400,700,700,200,600,400,26.71
534,674,BRALUPCDAM15BR00,ALUP11,1620146281434095,26.71,26.7,26.69,26.74,26.75,26.76,400,700,700,200,600,400,26.71
535,674,BRALUPCDAM15BR00,ALUP11,1620146281434978,26.71,26.7,26.69,26.74,26.75,26.76,500,700,700,200,600,400,26.71
536,674,BRALUPCDAM15BR00,ALUP11,1620146281435004,26.71,26.7,26.69,26.74,26.75,26.76,600,700,700,200,600,400,26.71
537,674,BRALUPCDAM15BR00,ALUP11,1620146281435975,26.71,26.7,26.69,26.74,26.75,26.76,100,700,700,200,600,400,26.71
538,674,BRALUPCDAM15BR00,ALUP11,1620146281435994,26.71,26.7,26.69,26.74,26.75,26.76,100,700,700,200,600,400,26.71
539,674,BRALUPCDAM15BR00,ALUP11,1620146281436938,26.71,26.7,26.69,26.74,26.75,26.76,100,700,700,400,600,400,26.71
540,674,BRALUPCDAM15BR00,ALUP11,1620146281436957,26.71,26.7,26.69,26.74,26.75,26.76,100,700,700,400,600,400,26.71
541,674,BRALUPCDAM15BR00,ALUP11,1620146281437652,26.71,26.7,26.69,26.74,26.75,26.76,100,700,700,300,600,400,26.74
542,674,BRALUPCDAM15BR00,ALUP11,1620146281437677,26.7,26.69,26.68,26.74,26.75,26.76,700,700,900,300,600,400,26.74
543,674,BRALUPCDAM15BR00,ALUP11,1620146281438582,26.71,26.7,26.69,26.74,26.75,26.76,200,700,700,300,600,400,26.74
544,674,BRALUPCDAM15BR00,ALUP11,1620146281438602,26.71,26.7,26.69,26.74,26.75,26.76,200,700,700,300,600,400,26.74
545,674,BRALUPCDAM15BR00,ALUP11,1620146281438718,26.7,26.69,26.68,26.71,26.74,26.75,700,700,900,300,300,600,26.71
546,674,BRALUPCDAM15BR00,ALUP11,1620146281438738,26.7,26.69,26.68,26.71,26.74,26.75,700,700,900,300,300,600,26.71
547,674,BRALUPCDAM15BR00,ALUP11,1620146281439446,26.7,26.69,26.68,26.71,26.74,26.75,600,700,900,300,300,600,26.71
548,674,BRALUPCDAM15BR00,ALUP11,1620146281439463,26.7,26.69,26.68,26.71,26.74,26.75,600,700,900,300,300,600,26.71
549,674,BRALUPCDAM15BR00,ALUP11,1620146281439555,26.7,26.69,26.68,26.71,26.74,26.75,600,700,900,200,300,600,26.71
550,674,BRALUPCDAM15BR00,ALUP11,1620146281439572,26.7,26.69,26.68,26.71,26.74,26.75,600,700,900,200,300,600,26.71
551,674,BRALUPCDAM15BR00,ALUP11,1620146281439668,26.7,26.69,26.68,26.74,26.75,26.76,600,700,900,300,600,400,26.71
552,674,BRALUPCDAM15BR00,ALUP11,1620146281439686,26.7,26.69,26.68,26.74,26.75,26.76,600,700,900,300,600,400,26.71
553,674,BRALUPCDAM15BR00,ALUP11,1620146281440491,26.7,26.69,26.68,26.74,26.75,26.76,700,700,900,300,600,400,26.71
554,674,BRALUPCDAM15BR00,ALUP11,1620146281440507,26.7,26.69,26.68,26.74,26.75,26.76,700,700,900,300,600,400,26.71
555,674,BRALUPCDAM15BR00,ALUP11,1620146281440692,26.71,26.7,26.69,26.74,26.75,26.76,200,700,700,300,600,400,26.71
556,674,BRALUPCDAM15BR00,ALUP11,1620146281440709,26.71,26.7,26.69,26.74,26.75,26.76,200,700,700,300,600,400,26.71
557,674,BRALUPCDAM15BR00,ALUP11,1620146281446029,26.7,26.69,26.68,26.71,26.74,26.75,700,700,900,300,300,600,26.71
558,674,BRALUPCDAM15BR00,ALUP11,1620146281446047,26.7,26.69,26.68,26.71,26.74,26.75,700,700,900,300,300,600,26.71
559,674,BRALUPCDAM15BR00,ALUP11,1620146281446651,26.7,26.69,26.68,26.71,26.74,26.75,600,700,900,300,300,600,26.71
560,674,BRALUPCDAM15BR00,ALUP11,1620146281446668,26.7,26.69,26.68,26.71,26.74,26.75,600,700,900,300,300,600,26.71
561,674,BRALUPCDAM15BR00,ALUP11,1620146281447252,26.7,26.69,26.68,26.71,26.74,26.75,700,700,900,300,300,600,26.71
562,674,BRALUPCDAM15BR00,ALUP11,1620146281447269,26.7,26.69,26.68,26.71,26.74,26.75,700,700,900,300,300,600,26.71
563,674,BRALUPCDAM15BR00,ALUP11,1620146281449145,26.7,26.69,26.68,26.74,26.75,26.76,400,700,900,300,600,400,26.7
564,674,BRALUPCDAM15BR00,ALUP11,1620146281449163,26.7,26.69,26.68,26.74,26.75,26.76,400,700,900,300,600,400,26.7
565,674,BRALUPCDAM15BR00,ALUP11,1620146281450495,26.71,26.7,26.69,26.74,26.75,26.76,200,400,700,300,600,400,26.7
566,674,BRALUPCDAM15BR00,ALUP11,1620146281450513,26.71,26.7,26.69,26.74,26.75,26.76,200,400,700,300,600,400,26.7
567,674,BRALUPCDAM15BR00,ALUP11,1620146281451994,26.7,26.69,26.68,26.74,26.75,26.76,100,700,900,300,600,400,26.7
568,674,BRALUPCDAM15BR00,ALUP11,1620146281452012,26.7,26.69,26.68,26.74,26.75,26.76,100,700,900,300,600,400,26.7
569,674,BRALUPCDAM15BR00,ALUP11,1620146281452857,26.7,26.69,26.68,26.73,26.74,26.75,100,700,900,100,300,600,26.7
570,674,BRALUPCDAM15BR00,ALUP11,1620146281452875,26.7,26.69,26.68,26.73,26.74,26.75,100,700,900,100,300,600,26.7
571,674,BRALUPCDAM15BR00,ALUP11,1620146281452935,26.7,26.69,26.68,26.73,26.74,26.75,100,700,900,300,300,600,26.7
572,674,BRALUPCDAM15BR00,ALUP11,1620146281452952,26.7,26.69,26.68,26.73,26.74,26.75,100,700,900,300,300,600,26.7
573,674,BRALUPCDAM15BR00,ALUP11,1620146281453704,26.7,26.69,26.68,26.73,26.74,26.75,100,700,900,400,300,600,26.7
574,674,BRALUPCDAM15BR00,ALUP11,1620146281453734,26.7,26.69,26.68,26.73,26.74,26.75,100,700,900,400,300,600,26.7
575,674,BRALUPCDAM15BR00,ALUP11,1620146281453746,26.7,26.69,26.68,26.73,26.74,26.75,100,700,900,300,300,600,26.7
576,674,BRALUPCDAM15BR00,ALUP11,1620146281453760,26.7,26.69,26.68,26.73,26.74,26.75,100,700,900,300,300,600,26.7
577,674,BRALUPCDAM15BR00,ALUP11,1620146281456892,26.69,26.68,26.67,26.7,26.73,26.74,700,900,700,400,300,300,26.7
578,674,BRALUPCDAM15BR00,ALUP11,1620146281456910,26.69,26.68,26.67,26.7,26.73,26.74,700,900,700,400,300,300,26.7
579,674,BRALUPCDAM15BR00,ALUP11,1620146281457575,26.69,26.68,26.67,26.7,26.73,26.74,700,800,700,400,300,300,26.7
580,674,BRALUPCDAM15BR00,ALUP11,1620146281457602,26.69,26.68,26.67,26.7,26.73,26.74,700,800,700,400,300,300,26.7
581,674,BRALUPCDAM15BR00,ALUP11,1620146281457616,26.69,26.68,26.67,26.7,26.73,26.74,500,800,700,400,300,300,26.7
582,674,BRALUPCDAM15BR00,ALUP11,1620146281457633,26.69,26.68,26.67,26.7,26.73,26.74,500,800,700,400,300,300,26.7
583,674,BRALUPCDAM15BR00,ALUP11,1620146281457705,26.69,26.68,26.67,26.7,26.73,26.74,500,700,700,400,300,300,26.7
584,674,BRALUPCDAM15BR00,ALUP11,1620146281457726,26.69,26.68,26.67,26.7,26.73,26.74,500,600,700,400,300,300,26.7
585,674,BRALUPCDAM15BR00,ALUP11,1620146281457868,26.69,26.68,26.67,26.7,26.73,26.74,500,600,700,400,400,300,26.7
586,674,BRALUPCDAM15BR00,ALUP11,1620146281457882,26.69,26.68,26.67,26.7,26.73,26.74,500,600,700,400,400,300,26.7
587,674,BRALUPCDAM15BR00,ALUP11,1620146281457927,26.69,26.68,26.67,26.7,26.73,26.74,500,600,700,400,500,300,26.7
588,674,BRALUPCDAM15BR00,ALUP11,1620146281457956,26.69,26.68,26.67,26.7,26.73,26.74,500,600,700,400,500,300,26.7
589,674,BRALUPCDAM15BR00,ALUP11,1620146281458285,26.69,26.68,26.67,26.7,26.73,26.74,400,600,700,400,500,300,26.7
590,674,BRALUPCDAM15BR00,ALUP11,1620146281458304,26.69,26.68,26.67,26.7,26.73,26.74,400,600,700,400,500,300,26.7
591,674,BRALUPCDAM15BR00,ALUP11,1620146281459218,26.69,26.68,26.67,26.73,26.74,26.75,400,600,700,900,300,600,26.7
592,674,BRALUPCDAM15BR00,ALUP11,1620146281459235,26.69,26.68,26.67,26.73,26.74,26.75,400,600,700,900,300,600,26.7
593,674,BRALUPCDAM15BR00,ALUP11,1620146281460423,26.69,26.68,26.67,26.73,26.74,26.75,400,600,700,900,300,600,26.7
594,674,BRALUPCDAM15BR00,ALUP11,1620146281460441,26.69,26.68,26.67,26.73,26.74,26.75,400,600,700,900,300,600,26.7
595,674,BRALUPCDAM15BR00,ALUP11,1620146281518128,26.7,26.69,26.68,26.73,26.74,26.75,100,400,600,900,300,600,26.7
596,674,BRALUPCDAM15BR00,ALUP11,1620146281518160,26.7,26.69,26.68,26.73,26.74,26.75,100,400,600,900,300,600,26.7
597,674,BRALUPCDAM15BR00,ALUP11,1620146281518999,26.7,26.69,26.68,26.73,26.74,26.75,100,400,700,900,300,600,26.7
598,674,BRALUPCDAM15BR00,ALUP11,1620146281519027,26.7,26.69,26.68,26.73,26.74,26.75,100,400,700,900,300,600,26.7
599,674,BRALUPCDAM15BR00,ALUP11,1620146281519041,26.7,26.69,26.68,26.73,26.74,26.75,200,400,700,900,300,600,26.7
600,674,BRALUPCDAM15BR00,ALUP11,1620146281519060,26.7,26.69,26.68,26.73,26.74,26.75,200,400,700,900,300,600,26.7
601,674,BRALUPCDAM15BR00,ALUP11,1620146281519314,26.7,26.69,26.68,26.73,26.74,26.75,200,400,700,900,300,600,26.7
602,674,BRALUPCDAM15BR00,ALUP11,1620146281519332,26.7,26.69,26.68,26.73,26.74,26.75,200,400,700,900,300,600,26.7
603,674,BRALUPCDAM15BR00,ALUP11,1620146281519958,26.7,26.69,26.68,26.73,26.74,26.75,300,400,700,900,300,600,26.7
604,674,BRALUPCDAM15BR00,ALUP11,1620146281519989,26.7,26.69,26.68,26.73,26.74,26.75,300,400,700,900,300,600,26.7
605,674,BRALUPCDAM15BR00,ALUP11,1620146281522098,26.69,26.68,26.67,26.7,26.73,26.74,400,700,700,100,500,300,26.7
606,674,BRALUPCDAM15BR00,ALUP11,1620146281522118,26.69,26.68,26.67,26.7,26.73,26.74,400,700,700,100,500,300,26.7
607,674,BRALUPCDAM15BR00,ALUP11,1620146281522186,26.69,26.68,26.67,26.7,26.73,26.74,400,700,800,100,500,300,26.7
608,674,BRALUPCDAM15BR00,ALUP11,1620146281522204,26.69,26.68,26.67,26.7,26.73,26.74,400,700,800,100,500,300,26.7
609,674,BRALUPCDAM15BR00,ALUP11,1620146281522748,26.69,26.68,26.67,26.7,26.73,26.74,400,600,800,100,500,300,26.7
610,674,BRALUPCDAM15BR00,ALUP11,1620146281522773,26.69,26.68,26.67,26.7,26.73,26.74,400,600,800,100,500,300,26.7
611,674,BRALUPCDAM15BR00,ALUP11,1620146281523049,26.69,26.68,26.67,26.7,26.73,26.74,400,600,800,100,700,300,26.7
612,674,BRALUPCDAM15BR00,ALUP11,1620146281523068,26.69,26.68,26.67,26.7,26.73,26.74,400,600,800,100,700,300,26.7
613,674,BRALUPCDAM15BR00,ALUP11,1620146281523868,26.69,26.68,26.67,26.73,26.74,26.75,400,600,800,700,300,600,26.7
614,674,BRALUPCDAM15BR00,ALUP11,1620146281523887,26.69,26.68,26.67,26.73,26.74,26.75,400,600,800,700,300,600,26.7
615,674,BRALUPCDAM15BR00,ALUP11,1620146281524303,26.69,26.68,26.67,26.73,26.74,26.75,400,600,800,700,300,600,26.7
616,674,BRALUPCDAM15BR00,ALUP11,1620146281524322,26.69,26.68,26.67,26.73,26.74,26.75,400,600,800,700,300,600,26.7
617,674,BRALUPCDAM15BR00,ALUP11,1620146281524715,26.7,26.69,26.68,26.73,26.74,26.75,200,400,600,700,300,600,26.7
618,674,BRALUPCDAM15BR00,ALUP11,1620146281524734,26.7,26.69,26.68,26.73,26.74,26.75,200,400,600,700,300,600,26.7
619,674,BRALUPCDAM15BR00,ALUP11,1620146281525584,26.7,26.69,26.68,26.73,26.74,26.75,300,400,600,700,300,600,26.7
620,674,BRALUPCDAM15BR00,ALUP11,1620146281525603,26.7,26.69,26.68,26.73,26.74,26.75,300,400,600,700,300,600,26.7
621,674,BRALUPCDAM15BR00,ALUP11,1620146281525754,26.7,26.69,26.68,26.73,26.74,26.75,400,400,600,700,300,600,26.7
622,674,BRALUPCDAM15BR00,ALUP11,1620146281525774,26.7,26.69,26.68,26.73,26.74,26.75,400,400,600,700,300,600,26.7
623,674,BRALUPCDAM15BR00,ALUP11,1620146281525810,26.7,26.69,26.68,26.73,26.74,26.75,400,400,700,700,300,600,26.7
624,674,BRALUPCDAM15BR00,ALUP11,1620146281525828,26.7,26.69,26.68,26.73,26.74,26.75,400,400,700,700,300,600,26.7
625,674,BRALUPCDAM15BR00,ALUP11,1620146281526382,26.7,26.69,26.68,26.73,26.74,26.75,400,400,700,500,300,600,26.7
626,674,BRALUPCDAM15BR00,ALUP11,1620146281526401,26.7,26.69,26.68,26.73,26.74,26.75,400,400,700,500,300,600,26.7
627,674,BRALUPCDAM15BR00,ALUP11,1620146281526875,26.7,26.69,26.68,26.73,26.74,26.75,400,400,700,500,300,600,26.7
628,674,BRALUPCDAM15BR00,ALUP11,1620146281526895,26.7,26.69,26.68,26.73,26.74,26.75,400,400,700,500,300,600,26.7
629,674,BRALUPCDAM15BR00,ALUP11,1620146281527479,26.7,26.69,26.68,26.73,26.74,26.75,400,300,700,500,300,600,26.7
630,674,BRALUPCDAM15BR00,ALUP11,1620146281527501,26.7,26.69,26.68,26.73,26.74,26.75,400,300,700,500,300,600,26.7
631,674,BRALUPCDAM15BR00,ALUP11,1620146281527675,26.7,26.69,26.68,26.73,26.74,26.75,400,300,700,500,300,600,26.7
632,674,BRALUPCDAM15BR00,ALUP11,1620146281527694,26.7,26.69,26.68,26.73,26.74,26.75,400,300,700,500,300,600,26.7
633,674,BRALUPCDAM15BR00,ALUP11,1620146281527750,26.7,26.69,26.68,26.73,26.74,26.75,400,300,700,500,300,500,26.7
634,674,BRALUPCDAM15BR00,ALUP11,1620146281527768,26.7,26.69,26.68,26.73,26.74,26.75,400,300,700,500,300,500,26.7
635,674,BRALUPCDAM15BR00,ALUP11,1620146281527826,26.7,26.69,26.68,26.73,26.74,26.75,400,300,700,400,300,500,26.7
636,674,BRALUPCDAM15BR00,ALUP11,1620146281527846,26.7,26.69,26.68,26.73,26.74,26.75,400,300,700,400,300,500,26.7
637,674,BRALUPCDAM15BR00,ALUP11,1620146281527907,26.7,26.69,26.68,26.73,26.74,26.75,400,300,700,400,300,500,26.7
638,674,BRALUPCDAM15BR00,ALUP11,1620146281527941,26.7,26.69,26.68,26.73,26.74,26.75,400,300,700,400,300,500,26.7
639,674,BRALUPCDAM15BR00,ALUP11,1620146281527954,26.7,26.69,26.68,26.73,26.74,26.75,400,400,700,400,300,500,26.7
640,674,BRALUPCDAM15BR00,ALUP11,1620146281527973,26.7,26.69,26.68,26.73,26.74,26.75,400,400,700,400,300,500,26.7
641,674,BRALUPCDAM15BR00,ALUP11,1620146281528026,26.7,26.69,26.68,26.73,26.74,26.75,500,400,700,400,300,500,26.7
642,674,BRALUPCDAM15BR00,ALUP11,1620146281528056,26.7,26.69,26.68,26.73,26.74,26.75,500,400,800,400,300,500,26.7
643,674,BRALUPCDAM15BR00,ALUP11,1620146281528260,26.69,26.68,26.67,26.73,26.74,26.75,400,800,800,400,300,500,26.7
644,674,BRALUPCDAM15BR00,ALUP11,1620146281528283,26.69,26.68,26.67,26.73,26.74,26.75,400,800,800,400,300,500,26.7
645,674,BRALUPCDAM15BR00,ALUP11,1620146281528882,26.7,26.69,26.68,26.73,26.74,26.75,100,400,800,400,300,500,26.7
646,674,BRALUPCDAM15BR00,ALUP11,1620146281528907,26.7,26.69,26.68,26.73,26.74,26.75,100,400,800,400,300,500,26.7
647,674,BRALUPCDAM15BR00,ALUP11,1620146281529189,26.7,26.69,26.68,26.73,26.74,26.75,100,400,800,500,300,500,26.7
648,674,BRALUPCDAM15BR00,ALUP11,1620146281529220,26.7,26.69,26.68,26.73,26.74,26.75,100,400,800,500,300,500,26.7
649,674,BRALUPCDAM15BR00,ALUP11,1620146281529271,26.7,26.69,26.68,26.72,26.73,26.74,100,400,800,100,500,300,26.7
650,674,BRALUPCDAM15BR00,ALUP11,1620146281529292,26.7,26.69,26.68,26.72,26.73,26.74,100,400,800,100,500,300,26.7
651,674,BRALUPCDAM15BR00,ALUP11,1620146281529841,26.69,26.68,26.67,26.72,26.73,26.74,400,800,800,100,500,300,26.7
652,674,BRALUPCDAM15BR00,ALUP11,1620146281529862,26.69,26.68,26.67,26.72,26.73,26.74,400,800,800,100,500,300,26.7
653,674,BRALUPCDAM15BR00,ALUP11,1620146281530204,26.69,26.68,26.67,26.72,26.73,26.74,400,800,800,200,500,300,26.7
654,674,BRALUPCDAM15BR00,ALUP11,1620146281530249,26.69,26.68,26.67,26.72,26.73,26.74,400,800,800,300,500,300,26.7
655,674,BRALUPCDAM15BR00,ALUP11,1620146281531042,26.69,26.68,26.67,26.7,26.72,26.73,400,800,800,500,300,500,26.7
656,674,BRALUPCDAM15BR00,ALUP11,1620146281531064,26.69,26.68,26.67,26.7,26.72,26.73,400,800,800,500,300,500,26.7
657,674,BRALUPCDAM15BR00,ALUP11,1620146281531799,26.69,26.68,26.67,26.7,26.72,26.73,400,700,800,500,300,500,26.7
658,674,BRALUPCDAM15BR00,ALUP11,1620146281531828,26.69,26.68,26.67,26.7,26.72,26.73,400,700,800,500,300,500,26.7
659,674,BRALUPCDAM15BR00,ALUP11,1620146281531849,26.69,26.68,26.67,26.7,26.72,26.73,400,600,800,500,300,500,26.7
660,674,BRALUPCDAM15BR00,ALUP11,1620146281531890,26.69,26.68,26.67,26.7,26.72,26.73,300,600,800,500,300,500,26.7
661,674,BRALUPCDAM15BR00,ALUP11,1620146281535056,26.69,26.68,26.67,26.72,26.73,26.74,300,600,800,800,500,300,26.7
662,674,BRALUPCDAM15BR00,ALUP11,1620146281535079,26.69,26.68,26.67,26.72,26.73,26.74,300,600,800,800,500,300,26.7
663,674,BRALUPCDAM15BR00,ALUP11,1620146281667466,26.69,26.68,26.67,26.72,26.73,26.74,300,600,800,800,500,300,26.7
664,674,BRALUPCDAM15BR00,ALUP11,1620146281667528,26.69,26.68,26.67,26.72,26.73,26.74,300,600,800,800,500,300,26.7
665,674,BRALUPCDAM15BR00,ALUP11,1620146281668036,26.69,26.68,26.67,26.72,26.73,26.74,300,600,800,800,500,300,26.7
666,674,BRALUPCDAM15BR00,ALUP11,1620146281668060,26.69,26.68,26.67,26.72,26.73,26.74,300,600,800,800,500,300,26.7
667,674,BRALUPCDAM15BR00,ALUP11,1620146281668308,26.69,26.68,26.67,26.72,26.73,26.74,300,600,800,800,500,300,26.7
668,674,BRALUPCDAM15BR00,ALUP11,1620146281668352,26.69,26.68,26.67,26.72,26.73,26.74,300,600,800,800,500,300,26.7
669,674,BRALUPCDAM15BR00,ALUP11,1620146281936745,26.69,26.68,26.67,26.72,26.73,26.74,300,500,800,800,500,300,26.7
670,674,BRALUPCDAM15BR00,ALUP11,1620146281938074,26.69,26.68,26.67,26.72,26.73,26.74,400,500,800,800,500,300,26.7
671,674,BRALUPCDAM15BR00,ALUP11,1620146283237441,26.7,26.69,26.68,26.72,26.73,26.74,100,700,500,900,500,400,26.7
672,674,BRALUPCDAM15BR00,ALUP11,1620146283238725,26.7,26.69,26.68,26.72,26.73,26.74,200,600,500,900,500,400,26.7
673,674,BRALUPCDAM15BR00,ALUP11,1620146283250027,26.69,26.68,26.67,26.7,26.72,26.73,600,500,800,300,400,500,26.7
674,674,BRALUPCDAM15BR00,ALUP11,1620146283250156,26.69,26.68,26.67,26.7,26.72,26.73,600,500,800,300,400,500,26.7
675,674,BRALUPCDAM15BR00,ALUP11,1620146283250770,26.69,26.68,26.67,26.7,26.72,26.73,400,500,800,300,400,500,26.7
676,674,BRALUPCDAM15BR00,ALUP11,1620146283251960,26.69,26.68,26.67,26.7,26.72,26.73,500,500,800,300,400,500,26.7
677,674,BRALUPCDAM15BR00,ALUP11,1620146285893209,26.7,26.69,26.68,26.72,26.73,26.74,900,700,1300,700,500,500,26.7
678,674,BRALUPCDAM15BR00,ALUP11,1620146285894465,26.7,26.69,26.68,26.72,26.73,26.74,1000,600,1300,700,500,500,26.7
679,674,BRALUPCDAM15BR00,ALUP11,1620146285902078,26.69,26.68,26.67,26.7,26.72,26.73,600,1300,800,300,400,500,26.7
680,674,BRALUPCDAM15BR00,ALUP11,1620146285902311,26.69,26.68,26.67,26.7,26.72,26.73,600,1300,800,300,400,500,26.7
681,674,BRALUPCDAM15BR00,ALUP11,1620146285902870,26.69,26.68,26.67,26.7,26.72,26.73,400,1300,800,300,400,500,26.7
682,674,BRALUPCDAM15BR00,ALUP11,1620146285904060,26.69,26.68,26.67,26.7,26.72,26.73,300,500,800,300,500,500,26.7
683,674,BRALUPCDAM15BR00,ALUP11,1620146289592552,26.7,26.69,26.68,26.72,26.73,26.74,900,700,1300,700,500,500,26.7
684,674,BRALUPCDAM15BR00,ALUP11,1620146289593784,26.7,26.69,26.68,26.72,26.73,26.74,1000,600,1300,700,500,500,26.7
685,674,BRALUPCDAM15BR00,ALUP11,1620146289601556,26.69,26.68,26.67,26.7,26.72,26.73,600,1300,900,300,400,500,26.7
686,674,BRALUPCDAM15BR00,ALUP11,1620146289601722,26.69,26.68,26.67,26.7,26.72,26.73,600,1300,900,300,400,500,26.7
687,674,BRALUPCDAM15BR00,ALUP11,1620146289602262,26.69,26.68,26.67,26.7,26.72,26.73,500,600,900,300,400,500,26.7
688,674,BRALUPCDAM15BR00,ALUP11,1620146289603503,26.69,26.68,26.67,26.7,26.72,26.73,300,600,900,300,500,500,26.7
689,674,BRALUPCDAM15BR00,ALUP11,1620146295000321,26.7,26.69,26.68,26.72,26.73,26.74,100,900,1200,700,500,500,26.72
690,674,BRALUPCDAM15BR00,ALUP11,1620146295001503,26.7,26.69,26.68,26.72,26.73,26.74,300,800,1200,700,500,500,26.72
691,674,BRALUPCDAM15BR00,ALUP11,1620146295003815,26.7,26.69,26.68,26.72,26.73,26.74,100,900,1200,500,500,400,26.7
692,674,BRALUPCDAM15BR00,ALUP11,1620146295004035,26.7,26.69,26.68,26.72,26.73,26.74,200,800,1200,500,500,400,26.7
693,674,BRALUPCDAM15BR00,ALUP11,1620146295004325,26.7,26.69,26.68,26.72,26.73,26.74,200,800,1200,500,500,400,26.7
694,674,BRALUPCDAM15BR00,ALUP11,1620146295005419,26.7,26.69,26.68,26.72,26.73,26.74,300,800,1200,500,500,400,26.7
695,674,BRALUPCDAM15BR00,ALUP11,1620146295006720,26.69,26.68,26.67,26.7,26.72,26.73,800,1200,800,200,500,500,26.7
696,674,BRALUPCDAM15BR00,ALUP11,1620146295006919,26.69,26.68,26.67,26.7,26.72,26.73,800,1200,800,200,500,500,26.7
697,674,BRALUPCDAM15BR00,ALUP11,1620146295007467,26.69,26.68,26.67,26.7,26.72,26.73,600,1200,800,200,500,500,26.7
698,674,BRALUPCDAM15BR00,ALUP11,1620146295008603,26.69,26.68,26.67,26.7,26.72,26.73,500,1200,800,200,600,600,26.7
699,674,BRALUPCDAM15BR00,ALUP11,1620146300917441,26.7,26.69,26.68,26.72,26.73,26.74,100,500,500,300,500,400,26.7
700,674,BRALUPCDAM15BR00,ALUP11,1620146300917474,26.7,26.69,26.68,26.72,26.73,26.74,100,500,500,300,500,400,26.7
701,674,BRALUPCDAM15BR00,ALUP11,1620146311658475,26.69,26.68,26.67,26.7,26.72,26.73,500,1100,800,300,400,500,26.69
702,703,BRANIMACNOR6BR00,ANIM3,1620146129153722,10.86,10.85,10.84,10.87,10.88,10.89,6500,4400,9500,3700,5900,9100,10.86
703,703,BRANIMACNOR6BR00,ANIM3,1620146129153741,10.86,10.85,10.84,10.87,10.88,10.89,6500,4400,9500,3700,5900,9100,10.86
704,703,BRANIMACNOR6BR00,ANIM3,1620146129154628,10.86,10.85,10.84,10.87,10.88,10.89,6500,4600,9500,3700,5900,9100,10.86
705,703,BRANIMACNOR6BR00,ANIM3,1620146129154645,10.86,10.85,10.84,10.87,10.88,10.89,6500,4600,9500,3700,5900,9100,10.86
706,703,BRANIMACNOR6BR00,ANIM3,1620146129713975,10.86,10.85,10.84,10.87,10.88,10.89,6500,4600,9500,3900,5900,9100,10.86
707,703,BRANIMACNOR6BR00,ANIM3,1620146129713995,10.86,10.85,10.84,10.87,10.88,10.89,6500,4600,9500,3900,5900,9100,10.86
708,703,BRANIMACNOR6BR00,ANIM3,1620146129714854,10.86,10.85,10.84,10.87,10.88,10.89,6500,4600,9500,3900,6100,8900,10.86
709,703,BRANIMACNOR6BR00,ANIM3,1620146129714876,10.86,10.85,10.84,10.87,10.88,10.89,6500,4600,9500,3900,6100,8900,10.86
710,703,BRANIMACNOR6BR00,ANIM3,1620146131293801,10.86,10.85,10.84,10.87,10.88,10.89,6700,4600,9500,3900,6100,8900,10.86
711,703,BRANIMACNOR6BR00,ANIM3,1620146131293830,10.86,10.85,10.84,10.87,10.88,10.89,6700,4600,9500,3900,6100,8900,10.86
712,703,BRANIMACNOR6BR00,ANIM3,1620146133110527,10.86,10.85,10.84,10.87,10.88,10.89,6900,4600,9500,3900,6100,8900,10.86
713,703,BRANIMACNOR6BR00,ANIM3,1620146133111703,10.86,10.85,10.84,10.87,10.88,10.89,6900,4600,9500,4000,5900,8900,10.86
714,703,BRANIMACNOR6BR00,ANIM3,1620146181266437,10.86,10.85,10.84,10.87,10.88,10.89,7400,4600,9500,3300,6700,8900,10.87
715,703,BRANIMACNOR6BR00,ANIM3,1620146181267029,10.86,10.85,10.84,10.87,10.88,10.89,7400,4600,9500,3300,5300,8900,10.87
716,703,BRANIMACNOR6BR00,ANIM3,1620146181268144,10.86,10.85,10.84,10.87,10.88,10.89,7400,4600,9500,3400,5300,8900,10.87
717,703,BRANIMACNOR6BR00,ANIM3,1620146220021230,10.86,10.85,10.84,10.87,10.88,10.89,7700,4600,9500,3000,6900,8900,10.87
718,703,BRANIMACNOR6BR00,ANIM3,1620146220021513,10.86,10.85,10.84,10.87,10.88,10.89,6900,4600,9500,3300,6900,8900,10.87
719,703,BRANIMACNOR6BR00,ANIM3,1620146220024032,10.86,10.85,10.84,10.87,10.88,10.89,100,4600,9500,3400,6900,8900,10.86
720,703,BRANIMACNOR6BR00,ANIM3,1620146220025625,10.85,10.84,10.83,10.86,10.87,10.88,2700,9400,5100,300,4700,6900,10.86
721,703,BRANIMACNOR6BR00,ANIM3,1620146220027396,10.84,10.83,10.82,10.86,10.87,10.88,10200,4700,4700,700,5100,7000,10.85
722,703,BRANIMACNOR6BR00,ANIM3,1620146220367752,10.84,10.83,10.82,10.85,10.86,10.87,7100,4800,4700,300,1600,6300,10.85
723,703,BRANIMACNOR6BR00,ANIM3,1620146220369250,10.84,10.83,10.82,10.85,10.86,10.87,4500,4800,4700,400,1500,6300,10.85
724,703,BRANIMACNOR6BR00,ANIM3,1620146220373070,10.84,10.83,10.82,10.85,10.86,10.87,4500,8900,4700,100,1700,6100,10.85
725,703,BRANIMACNOR6BR00,ANIM3,1620146220374293,10.84,10.83,10.82,10.86,10.87,10.88,4900,8900,4700,1800,6100,6900,10.85
726,703,BRANIMACNOR6BR00,ANIM3,1620146221812097,10.84,10.83,10.82,10.85,10.86,10.87,7300,4800,4700,300,1800,6300,10.85
727,703,BRANIMACNOR6BR00,ANIM3,1620146221812135,10.84,10.83,10.82,10.85,10.86,10.87,7300,4800,4700,300,1800,6300,10.85
728,703,BRANIMACNOR6BR00,ANIM3,1620146326165461,10.85,10.84,10.83,10.86,10.87,10.88,500,3300,6200,1300,6800,11300,10.86
729,703,BRANIMACNOR6BR00,ANIM3,1620146326166101,10.85,10.84,10.83,10.86,10.87,10.88,500,3300,6200,1300,6400,11300,10.86
730,703,BRANIMACNOR6BR00,ANIM3,1620146326167298,10.85,10.84,10.83,10.86,10.87,10.88,900,3300,6200,1500,5900,11300,10.86
731,703,BRANIMACNOR6BR00,ANIM3,1620146374840456,10.85,10.84,10.83,10.87,10.88,10.89,8500,2000,8600,5500,11500,4000,10.87
732,703,BRANIMACNOR6BR00,ANIM3,1620146374840975,10.85,10.84,10.83,10.87,10.88,10.89,8500,2000,8600,5400,11500,4000,10.87
733,703,BRANIMACNOR6BR00,ANIM3,1620146374842148,10.85,10.84,10.83,10.86,10.87,10.88,8600,4800,6000,100,5500,11500,10.87
734,703,BRANIMACNOR6BR00,ANIM3,1620146378009377,10.86,10.85,10.84,10.87,10.88,10.89,1000,7200,4800,5700,11500,4000,10.86
735,703,BRANIMACNOR6BR00,ANIM3,1620146378009541,10.86,10.85,10.84,10.87,10.88,10.89,1000,7200,4800,5700,11500,4000,10.86
736,703,BRANIMACNOR6BR00,ANIM3,1620146378010293,10.86,10.85,10.84,10.87,10.88,10.89,1000,7400,4600,5700,11500,4000,10.86
737,703,BRANIMACNOR6BR00,ANIM3,1620146378011494,10.86,10.85,10.84,10.87,10.88,10.89,1000,7400,4600,5800,8900,6600,10.86
738,703,BRANIMACNOR6BR00,ANIM3,1620146387728290,10.85,10.84,10.83,10.87,10.88,10.89,1200,6900,4100,4600,5200,8900,10.86
739,703,BRANIMACNOR6BR00,ANIM3,1620146387730026,10.84,10.83,10.82,10.86,10.87,10.88,7300,4100,4700,1300,5200,5300,10.86
740,703,BRANIMACNOR6BR00,ANIM3,1620146387730126,10.84,10.83,10.82,10.86,10.87,10.88,7100,4100,4700,1300,5200,5300,10.86
741,703,BRANIMACNOR6BR00,ANIM3,1620146387731309,10.84,10.83,10.82,10.85,10.86,10.87,4500,6500,4700,100,2000,5200,10.86
742,703,BRANIMACNOR6BR00,ANIM3,1620146388727499,10.84,10.83,10.82,10.85,10.86,10.87,4700,7500,4700,100,1700,5000,10.85
743,703,BRANIMACNOR6BR00,ANIM3,1620146388727890,10.84,10.83,10.82,10.85,10.86,10.87,4700,7500,4700,100,1500,5000,10.85
744,703,BRANIMACNOR6BR00,ANIM3,1620146388727919,10.84,10.83,10.82,10.85,10.86,10.87,4700,7500,4700,100,1500,5000,10.85
745,703,BRANIMACNOR6BR00,ANIM3,1620146389343744,10.84,10.83,10.82,10.85,10.86,10.87,2400,7500,4700,100,1500,5000,10.85
746,703,BRANIMACNOR6BR00,ANIM3,1620146389344973,10.84,10.83,10.82,10.85,10.86,10.87,2400,7500,4700,200,1700,5000,10.85
747,703,BRANIMACNOR6BR00,ANIM3,1620146400241817,10.84,10.83,10.82,10.85,10.86,10.87,4300,7500,7000,400,2300,5000,10.85
748,703,BRANIMACNOR6BR00,ANIM3,1620146400242290,10.84,10.83,10.82,10.85,10.86,10.87,4300,7500,7000,400,2100,5000,10.85
749,703,BRANIMACNOR6BR00,ANIM3,1620146400243439,10.84,10.83,10.82,10.85,10.86,10.87,4300,7500,7000,500,2100,5000,10.85
750,703,BRANIMACNOR6BR00,ANIM3,1620146403011489,10.85,10.84,10.83,10.86,10.87,10.88,300,4200,7500,2300,5000,7700,10.85
751,703,BRANIMACNOR6BR00,ANIM3,1620146403011675,10.85,10.84,10.83,10.86,10.87,10.88,300,4200,7500,2300,5000,7700,10.85
752,703,BRANIMACNOR6BR00,ANIM3,1620146403012176,10.85,10.84,10.83,10.86,10.87,10.88,300,4200,7500,2100,5000,7700,10.85
753,703,BRANIMACNOR6BR00,ANIM3,1620146403013348,10.85,10.84,10.83,10.86,10.87,10.88,1100,6700,7300,2200,5200,7700,10.85
754,703,BRANIMACNOR6BR00,ANIM3,1620146446740640,10.85,10.84,10.83,10.86,10.87,10.88,5800,3100,9700,300,4700,10000,10.86
755,703,BRANIMACNOR6BR00,ANIM3,1620146446741137,10.85,10.84,10.83,10.86,10.87,10.88,5800,3100,9700,300,4600,10000,10.86
756,703,BRANIMACNOR6BR00,ANIM3,1620146446742307,10.85,10.84,10.83,10.86,10.87,10.88,5900,3000,9700,400,4600,10000,10.86
757,703,BRANIMACNOR6BR00,ANIM3,1620146455512883,10.85,10.84,10.83,10.86,10.87,10.88,5000,3000,9700,100,4700,10200,10.86
758,703,BRANIMACNOR6BR00,ANIM3,1620146455514167,10.85,10.84,10.83,10.87,10.88,10.89,5000,3000,9700,4800,10200,3800,10.86
759,703,BRANIMACNOR6BR00,ANIM3,1620146455631759,10.85,10.84,10.83,10.86,10.87,10.88,5000,6800,7100,200,6100,10000,10.86
760,703,BRANIMACNOR6BR00,ANIM3,1620146455632920,10.85,10.84,10.83,10.86,10.87,10.88,5000,6800,7100,300,6000,10000,10.86
761,703,BRANIMACNOR6BR00,ANIM3,1620146456102687,10.85,10.84,10.83,10.87,10.88,10.89,5000,6800,7100,5900,10000,3800,10.87
762,703,BRANIMACNOR6BR00,ANIM3,1620146456102830,10.85,10.84,10.83,10.87,10.88,10.89,5000,6800,7100,5900,10000,3800,10.87
763,703,BRANIMACNOR6BR00,ANIM3,1620146456103394,10.85,10.84,10.83,10.87,10.88,10.89,5000,6800,7100,5700,10000,3800,10.87
764,703,BRANIMACNOR6BR00,ANIM3,1620146456104550,10.85,10.84,10.83,10.87,10.88,10.89,5000,6800,7100,5800,10000,3800,10.87
765,703,BRANIMACNOR6BR00,ANIM3,1620146456666736,10.85,10.84,10.83,10.86,10.87,10.88,5000,6800,7100,200,5800,7600,10.86
766,703,BRANIMACNOR6BR00,ANIM3,1620146456668024,10.85,10.84,10.83,10.86,10.87,10.88,5100,6600,7100,500,5900,7400,10.86
767,703,BRANIMACNOR6BR00,ANIM3,1620146457606466,10.85,10.84,10.83,10.86,10.87,10.88,5100,6800,7100,100,5900,10000,10.86
768,703,BRANIMACNOR6BR00,ANIM3,1620146457608940,10.85,10.84,10.83,10.87,10.88,10.89,5100,6800,7100,6000,10000,3800,10.86
769,703,BRANIMACNOR6BR00,ANIM3,1620146457610340,10.85,10.84,10.83,10.86,10.87,10.88,5100,6800,7100,200,6000,10000,10.86
770,703,BRANIMACNOR6BR00,ANIM3,1620146457611634,10.85,10.84,10.83,10.86,10.87,10.88,5100,6800,7100,100,5900,10200,10.86
771,703,BRANIMACNOR6BR00,ANIM3,1620146457612548,10.85,10.84,10.83,10.86,10.87,10.88,5100,6800,7100,100,5900,10200,10.86
772,703,BRANIMACNOR6BR00,ANIM3,1620146457613756,10.85,10.84,10.83,10.86,10.87,10.88,5100,6800,7100,200,6000,10200,10.86
773,703,BRANIMACNOR6BR00,ANIM3,1620146459786071,10.85,10.84,10.83,10.86,10.87,10.88,5100,6800,7100,200,6200,10000,10.86
774,703,BRANIMACNOR6BR00,ANIM3,1620146459787222,10.85,10.84,10.83,10.86,10.87,10.88,5100,6800,7100,300,6100,10000,10.86
775,703,BRANIMACNOR6BR00,ANIM3,1620146460291403,10.85,10.84,10.83,10.87,10.88,10.89,5200,6800,7100,6100,10000,3800,10.86
776,703,BRANIMACNOR6BR00,ANIM3,1620146460291620,10.85,10.84,10.83,10.87,10.88,10.89,4900,6800,7100,6100,10000,3800,10.86
777,703,BRANIMACNOR6BR00,ANIM3,1620146460292668,10.85,10.84,10.83,10.87,10.88,10.89,4900,6800,7100,5900,10000,3800,10.86
778,703,BRANIMACNOR6BR00,ANIM3,1620146460293940,10.85,10.84,10.83,10.86,10.87,10.88,4900,6800,7100,200,6000,10000,10.86
779,703,BRANIMACNOR6BR00,ANIM3,1620146460294132,10.85,10.84,10.83,10.86,10.87,10.88,4900,6800,7100,200,6200,10000,10.86
780,703,BRANIMACNOR6BR00,ANIM3,1620146460295356,10.85,10.84,10.83,10.86,10.87,10.88,4900,6800,7100,300,6100,10000,10.86
781,703,BRANIMACNOR6BR00,ANIM3,1620146460795240,10.85,10.84,10.83,10.86,10.87,10.88,4900,6800,7100,100,6100,10000,10.86
782,703,BRANIMACNOR6BR00,ANIM3,1620146460796523,10.85,10.84,10.83,10.87,10.88,10.89,4900,6800,7100,6200,10000,3800,10.86
783,703,BRANIMACNOR6BR00,ANIM3,1620146460837935,10.85,10.84,10.83,10.86,10.87,10.88,4900,6800,7100,200,6200,10000,10.86
784,703,BRANIMACNOR6BR00,ANIM3,1620146460839087,10.85,10.84,10.83,10.86,10.87,10.88,4900,6800,7100,300,6100,10000,10.86
785,703,BRANIMACNOR6BR00,ANIM3,1620146473009824,10.86,10.85,10.84,10.87,10.88,10.89,1800,3400,6800,5900,10000,3800,10.86
786,703,BRANIMACNOR6BR00,ANIM3,1620146473009999,10.86,10.85,10.84,10.87,10.88,10.89,1800,3400,6800,5900,10000,3800,10.86
787,703,BRANIMACNOR6BR00,ANIM3,1620146473010493,10.86,10.85,10.84,10.87,10.88,10.89,1800,3400,6800,5700,10000,3800,10.86
788,703,BRANIMACNOR6BR00,ANIM3,1620146473011687,10.85,10.84,10.83,10.86,10.87,10.88,3000,7000,7100,400,5800,7400,10.86
789,703,BRANIMACNOR6BR00,ANIM3,1620146473011804,10.85,10.84,10.83,10.86,10.87,10.88,3000,7000,7100,400,5800,7600,10.86
790,703,BRANIMACNOR6BR00,ANIM3,1620146473012903,10.85,10.84,10.83,10.86,10.87,10.88,3300,7200,7100,500,5900,7400,10.86
791,703,BRANIMACNOR6BR00,ANIM3,1620146506743235,10.85,10.84,10.83,10.86,10.87,10.88,3900,7100,7100,700,5400,10000,10.86
792,703,BRANIMACNOR6BR00,ANIM3,1620146506744222,10.85,10.84,10.83,10.86,10.87,10.88,3900,7100,7100,800,5400,10000,10.86
793,703,BRANIMACNOR6BR00,ANIM3,1620146506745526,10.85,10.84,10.83,10.86,10.87,10.88,3900,7100,7100,900,5400,10000,10.86
794,703,BRANIMACNOR6BR00,ANIM3,1620146535808587,10.85,10.84,10.83,10.86,10.87,10.88,7500,7100,7100,1300,4700,10000,10.86
795,703,BRANIMACNOR6BR00,ANIM3,1620146539803795,10.85,10.84,10.83,10.86,10.87,10.88,7500,7100,7100,1000,4700,10000,10.86
796,703,BRANIMACNOR6BR00,ANIM3,1620146539805236,10.85,10.84,10.83,10.86,10.87,10.88,7500,7100,7100,900,4700,10000,10.86
797,703,BRANIMACNOR6BR00,ANIM3,1620146541010204,10.86,10.85,10.84,10.87,10.88,10.89,100,6100,7100,4700,10000,3800,10.86
798,703,BRANIMACNOR6BR00,ANIM3,1620146541010332,10.86,10.85,10.84,10.87,10.88,10.89,100,6100,7100,4700,10000,3800,10.86
799,703,BRANIMACNOR6BR00,ANIM3,1620146541010892,10.86,10.85,10.84,10.87,10.88,10.89,100,6100,7100,4500,10000,3800,10.86
800,703,BRANIMACNOR6BR00,ANIM3,1620146541012037,10.86,10.85,10.84,10.87,10.88,10.89,100,6200,7000,4600,7400,6400,10.86
801,703,BRANIMACNOR6BR00,ANIM3,1620146566748777,10.85,10.84,10.83,10.86,10.87,10.88,200,9100,5200,200,5100,11100,10.86
802,703,BRANIMACNOR6BR00,ANIM3,1620146566750185,10.85,10.84,10.83,10.86,10.87,10.88,900,9300,5200,1100,5300,11100,10.86
803,703,BRANIMACNOR6BR00,ANIM3,1620146603910522,10.85,10.84,10.83,10.86,10.87,10.88,3800,5600,7500,1000,6300,15300,10.86
804,703,BRANIMACNOR6BR00,ANIM3,1620146603964990,10.85,10.84,10.83,10.86,10.87,10.88,3800,5600,7500,1200,6300,15300,10.86
805,703,BRANIMACNOR6BR00,ANIM3,1620146603966489,10.85,10.84,10.83,10.86,10.87,10.88,3800,5600,7500,1500,6300,15300,10.86
806,703,BRANIMACNOR6BR00,ANIM3,1620146634912826,10.85,10.84,10.83,10.86,10.87,10.88,2900,5600,7500,1000,5800,14900,10.86
807,703,BRANIMACNOR6BR00,ANIM3,1620146634913295,10.85,10.84,10.83,10.86,10.87,10.88,2900,5600,7500,800,5800,14900,10.86
808,703,BRANIMACNOR6BR00,ANIM3,1620146634914444,10.85,10.84,10.83,10.86,10.87,10.88,2900,5600,7500,900,5800,14900,10.86
809,703,BRANIMACNOR6BR00,ANIM3,1620146653021075,10.85,10.84,10.83,10.86,10.87,10.88,3200,5600,7500,800,5800,14900,10.86
810,703,BRANIMACNOR6BR00,ANIM3,1620146653611978,10.85,10.84,10.83,10.86,10.87,10.88,3200,5600,7500,600,5800,14900,10.86
811,703,BRANIMACNOR6BR00,ANIM3,1620146653613304,10.85,10.84,10.83,10.86,10.87,10.88,3200,5600,7500,700,5800,14900,10.86
812,703,BRANIMACNOR6BR00,ANIM3,1620146661734620,10.85,10.84,10.83,10.87,10.88,10.89,3500,5600,7500,5900,14900,3400,10.87
813,703,BRANIMACNOR6BR00,ANIM3,1620146661734838,10.85,10.84,10.83,10.87,10.88,10.89,3500,5600,7500,5900,14900,3400,10.87
814,1137,BRB3SAACNOR6BR00,B3SA3,1620146128523944,50.54,50.53,50.52,50.56,50.57,50.58,7600,1400,8400,2000,200,2900,50.57
815,1137,BRB3SAACNOR6BR00,B3SA3,1620146128523969,50.54,50.53,50.52,50.56,50.57,50.58,7600,1400,8400,2000,200,2900,50.57
816,1137,BRB3SAACNOR6BR00,B3SA3,1620146128525034,50.54,50.53,50.52,50.56,50.57,50.58,7600,1400,8400,2000,200,3000,50.57
817,1137,BRB3SAACNOR6BR00,B3SA3,1620146128525055,50.54,50.53,50.52,50.56,50.57,50.58,7600,1400,8400,2000,200,3000,50.57
818,1137,BRB3SAACNOR6BR00,B3SA3,1620146128525182,50.54,50.53,50.52,50.56,50.57,50.58,7600,1300,8400,2000,200,3000,50.57
819,1137,BRB3SAACNOR6BR00,B3SA3,1620146128525202,50.54,50.53,50.52,50.56,50.57,50.58,7600,1300,8400,2000,200,3000,50.57
820,1137,BRB3SAACNOR6BR00,B3SA3,1620146128525397,50.54,50.53,50.52,50.57,50.58,50.59,7600,1300,8400,200,3000,3000,50.56
821,1137,BRB3SAACNOR6BR00,B3SA3,1620146128525418,50.54,50.53,50.52,50.57,50.58,50.59,7600,1300,8400,200,3000,3000,50.56
822,1137,BRB3SAACNOR6BR00,B3SA3,1620146128525549,50.54,50.53,50.52,50.57,50.58,50.59,7600,1300,8400,300,3000,3000,50.56
823,1137,BRB3SAACNOR6BR00,B3SA3,1620146128525571,50.54,50.53,50.52,50.57,50.58,50.59,7600,1300,8400,300,3000,3000,50.56
824,1137,BRB3SAACNOR6BR00,B3SA3,1620146128526395,50.54,50.53,50.52,50.57,50.58,50.59,6700,1300,8400,300,3000,3000,50.56
825,1137,BRB3SAACNOR6BR00,B3SA3,1620146128526424,50.54,50.53,50.52,50.57,50.58,50.59,6700,1200,8400,300,3000,3000,50.56
826,1137,BRB3SAACNOR6BR00,B3SA3,1620146128527242,50.54,50.53,50.52,50.57,50.58,50.59,6700,1200,8400,200,3000,3000,50.56
827,1137,BRB3SAACNOR6BR00,B3SA3,1620146128527270,50.54,50.53,50.52,50.57,50.58,50.59,6700,1200,8400,200,3000,3000,50.56
828,1137,BRB3SAACNOR6BR00,B3SA3,1620146128527315,50.54,50.53,50.52,50.57,50.58,50.59,6700,1200,8400,1200,3000,3000,50.56
829,1137,BRB3SAACNOR6BR00,B3SA3,1620146128527357,50.54,50.53,50.52,50.57,50.58,50.59,7600,1200,8400,1200,2900,3000,50.56
830,1137,BRB3SAACNOR6BR00,B3SA3,1620146128527402,50.54,50.53,50.52,50.57,50.58,50.59,7700,1200,8400,1200,2900,3000,50.56
831,1137,BRB3SAACNOR6BR00,B3SA3,1620146128527425,50.54,50.53,50.52,50.57,50.58,50.59,7700,1200,8400,1200,2900,3000,50.56
832,1137,BRB3SAACNOR6BR00,B3SA3,1620146128528447,50.54,50.53,50.52,50.57,50.58,50.59,7700,1200,8400,1100,2900,3000,50.56
833,1137,BRB3SAACNOR6BR00,B3SA3,1620146128528468,50.54,50.53,50.52,50.57,50.58,50.59,7700,1200,8400,1100,2900,3000,50.56
834,1137,BRB3SAACNOR6BR00,B3SA3,1620146128529361,50.54,50.53,50.52,50.57,50.58,50.59,7700,1200,8400,100,2900,3000,50.56
835,1137,BRB3SAACNOR6BR00,B3SA3,1620146128529393,50.54,50.53,50.52,50.57,50.58,50.59,7700,1200,8400,100,2900,3000,50.56
836,1137,BRB3SAACNOR6BR00,B3SA3,1620146128529876,50.54,50.53,50.52,50.57,50.58,50.59,7700,1200,8500,100,2900,3000,50.56
837,1137,BRB3SAACNOR6BR00,B3SA3,1620146128529910,50.54,50.53,50.52,50.57,50.58,50.59,7700,1200,8500,100,2900,3000,50.56
838,1137,BRB3SAACNOR6BR00,B3SA3,1620146128530189,50.54,50.53,50.52,50.57,50.58,50.59,7700,1200,8500,100,2800,3000,50.56
839,1137,BRB3SAACNOR6BR00,B3SA3,1620146128530212,50.54,50.53,50.52,50.57,50.58,50.59,7700,1200,8500,100,2800,3000,50.56
840,1137,BRB3SAACNOR6BR00,B3SA3,1620146128530636,50.54,50.53,50.52,50.57,50.58,50.59,7700,1300,8500,100,2800,3000,50.56
841,1137,BRB3SAACNOR6BR00,B3SA3,1620146128530653,50.54,50.53,50.52,50.57,50.58,50.59,7700,1300,8500,100,2800,3000,50.56
842,1137,BRB3SAACNOR6BR00,B3SA3,1620146128530936,50.54,50.53,50.52,50.57,50.58,50.59,7700,1300,8400,100,2800,3000,50.56
843,1137,BRB3SAACNOR6BR00,B3SA3,1620146128530962,50.54,50.53,50.52,50.57,50.58,50.59,7700,1300,8400,100,2800,3000,50.56
844,1137,BRB3SAACNOR6BR00,B3SA3,1620146128538739,50.54,50.53,50.52,50.57,50.58,50.59,7700,1400,8400,100,2800,3000,50.56
845,1137,BRB3SAACNOR6BR00,B3SA3,1620146128538759,50.54,50.53,50.52,50.57,50.58,50.59,7700,1400,8400,100,2800,3000,50.56
846,1137,BRB3SAACNOR6BR00,B3SA3,1620146128545619,50.54,50.53,50.52,50.55,50.57,50.58,7700,1400,8400,100,100,2800,50.56
847,1137,BRB3SAACNOR6BR00,B3SA3,1620146128545637,50.54,50.53,50.52,50.55,50.57,50.58,7700,1400,8400,100,100,2800,50.56
848,1137,BRB3SAACNOR6BR00,B3SA3,1620146128546420,50.54,50.53,50.52,50.55,50.57,50.58,7600,1400,8400,100,100,2800,50.56
849,1137,BRB3SAACNOR6BR00,B3SA3,1620146128546438,50.54,50.53,50.52,50.55,50.57,50.58,7600,1400,8400,100,100,2800,50.56
850,1137,BRB3SAACNOR6BR00,B3SA3,1620146128546847,50.54,50.53,50.52,50.57,50.58,50.59,7600,1400,8400,100,2800,3000,50.55
851,1137,BRB3SAACNOR6BR00,B3SA3,1620146128546899,50.54,50.53,50.52,50.57,50.58,50.59,7600,1400,8400,100,2700,3000,50.55
852,1137,BRB3SAACNOR6BR00,B3SA3,1620146128546941,50.54,50.53,50.52,50.57,50.58,50.59,7600,1400,8400,200,2700,3000,50.55
853,1137,BRB3SAACNOR6BR00,B3SA3,1620146128546976,50.54,50.53,50.52,50.57,50.58,50.59,7600,1400,8400,200,2800,3000,50.55
854,1137,BRB3SAACNOR6BR00,B3SA3,1620146128547005,50.54,50.53,50.52,50.57,50.58,50.59,7600,1300,8400,200,2800,3000,50.55
855,1137,BRB3SAACNOR6BR00,B3SA3,1620146128547026,50.54,50.53,50.52,50.57,50.58,50.59,7600,1300,8400,200,2800,3000,50.55
856,1137,BRB3SAACNOR6BR00,B3SA3,1620146128547486,50.54,50.53,50.52,50.57,50.58,50.59,7600,1300,8400,200,2900,3000,50.55
857,1137,BRB3SAACNOR6BR00,B3SA3,1620146128547506,50.54,50.53,50.52,50.57,50.58,50.59,7600,1300,8400,200,2900,3000,50.55
858,1137,BRB3SAACNOR6BR00,B3SA3,1620146128547908,50.54,50.53,50.52,50.57,50.58,50.59,7700,1300,8400,200,2900,3000,50.55
859,1137,BRB3SAACNOR6BR00,B3SA3,1620146128547926,50.54,50.53,50.52,50.57,50.58,50.59,7700,1300,8400,200,2900,3000,50.55
860,1137,BRB3SAACNOR6BR00,B3SA3,1620146128548226,50.54,50.53,50.52,50.57,50.58,50.59,7700,1300,8400,100,2900,3000,50.55
861,1137,BRB3SAACNOR6BR00,B3SA3,1620146128548244,50.54,50.53,50.52,50.57,50.58,50.59,7700,1300,8400,100,2900,3000,50.55
862,1137,BRB3SAACNOR6BR00,B3SA3,1620146128548534,50.54,50.53,50.52,50.57,50.58,50.59,7700,1400,8400,100,2900,3000,50.55
863,1137,BRB3SAACNOR6BR00,B3SA3,1620146128548556,50.54,50.53,50.52,50.57,50.58,50.59,7700,1400,8400,100,2900,3000,50.55
864,1137,BRB3SAACNOR6BR00,B3SA3,1620146128548569,50.54,50.53,50.52,50.57,50.58,50.59,7700,1400,8400,100,2800,3000,50.55
865,1137,BRB3SAACNOR6BR00,B3SA3,1620146128548587,50.54,50.53,50.52,50.57,50.58,50.59,7700,1400,8400,100,2800,3000,50.55
866,1137,BRB3SAACNOR6BR00,B3SA3,1620146128649986,50.54,50.53,50.52,50.57,50.58,50.59,7800,1400,8400,100,2800,3000,50.55
867,1137,BRB3SAACNOR6BR00,B3SA3,1620146128650014,50.54,50.53,50.52,50.57,50.58,50.59,7800,1400,8400,100,2800,3000,50.55
868,1137,BRB3SAACNOR6BR00,B3SA3,1620146129028984,50.54,50.53,50.52,50.58,50.59,50.6,7800,1400,8400,2900,3000,6500,50.55
869,1137,BRB3SAACNOR6BR00,B3SA3,1620146129029011,50.54,50.53,50.52,50.58,50.59,50.6,7800,1400,8400,2900,3000,6500,50.55
870,1137,BRB3SAACNOR6BR00,B3SA3,1620146129029674,50.54,50.53,50.52,50.58,50.59,50.6,7800,1400,8400,2900,2900,6500,50.55
871,1137,BRB3SAACNOR6BR00,B3SA3,1620146129029694,50.54,50.53,50.52,50.58,50.59,50.6,7800,1400,8400,2900,2900,6500,50.55
872,1137,BRB3SAACNOR6BR00,B3SA3,1620146129366383,50.54,50.53,50.52,50.58,50.59,50.6,7700,1400,8400,2900,2900,6500,50.55
873,1137,BRB3SAACNOR6BR00,B3SA3,1620146129366426,50.54,50.53,50.52,50.58,50.59,50.6,7700,1400,8400,2900,2900,6500,50.55
