,MappingNumber,EsteeID,Ticker, CurrTimeInMicroSeconds, BP1, BP2, BP3, AP1, AP2, AP3, BQ1, BQ2, BQ3, AQ1, AQ2, AQ3, LTP
0,129,BRAALRACNOR6BR00,AALR3,1620750947968755,9.08,9.07,9.06,9.1,9.11,9.12,1800,1400,2500,2400,2300,7000,9.09
1,129,BRAALRACNOR6BR00,AALR3,1620750947970149,9.08,9.07,9.06,9.1,9.11,9.12,1200,1400,2500,2500,2300,7000,9.09
2,129,BRAALRACNOR6BR00,AALR3,1620750947976703,9.08,9.07,9.06,9.09,9.1,9.11,600,1400,2500,600,2600,2200,9.09
3,129,BRAALRACNOR6BR00,AALR3,1620750947977929,9.08,9.07,9.06,9.09,9.1,9.11,600,1400,2500,700,2500,2200,9.09
4,129,BRAALRACNOR6BR00,AALR3,1620751069538617,9.08,9.07,9.06,9.09,9.1,9.11,1400,1300,1900,100,2400,2200,9.09
5,129,BRAALRACNOR6BR00,AALR3,1620751069539963,9.08,9.07,9.06,9.1,9.11,9.12,1400,1300,1900,2500,2200,7000,9.09
6,129,BRAALRACNOR6BR00,AALR3,1620751069540795,9.08,9.07,9.06,9.09,9.1,9.11,1400,1300,1900,300,2500,2200,9.09
7,129,BRAALRACNOR6BR00,AALR3,1620751069541987,9.08,9.07,9.06,9.09,9.1,9.11,800,1300,2500,400,3000,2200,9.09
8,129,BRAALRACNOR6BR00,AALR3,1620751071537011,9.08,9.07,9.06,9.1,9.11,9.12,800,1300,2500,3000,2200,7000,9.09
9,129,BRAALRACNOR6BR00,AALR3,1620751071537216,9.08,9.07,9.06,9.1,9.11,9.12,800,1300,2500,3000,2200,7000,9.09
10,129,BRAALRACNOR6BR00,AALR3,1620751071537859,9.08,9.07,9.06,9.1,9.11,9.12,800,1300,2500,2400,2200,7000,9.09
11,129,BRAALRACNOR6BR00,AALR3,1620751071538913,9.08,9.07,9.06,9.1,9.11,9.12,1400,1300,2500,2500,2200,7000,9.09
12,129,BRAALRACNOR6BR00,AALR3,1620751071539692,9.08,9.07,9.06,9.09,9.1,9.11,1300,1300,2500,300,2500,2200,9.08
13,129,BRAALRACNOR6BR00,AALR3,1620751071541007,9.08,9.07,9.06,9.09,9.1,9.11,700,1300,2500,1000,3000,2200,9.08
14,129,BRAALRACNOR6BR00,AALR3,1620751156773144,9.08,9.07,9.06,9.1,9.11,9.12,1500,1300,1900,2400,2200,7000,9.09
15,129,BRAALRACNOR6BR00,AALR3,1620751156774004,9.08,9.07,9.06,9.1,9.11,9.12,1500,1300,2500,2400,2200,7000,9.09
16,129,BRAALRACNOR6BR00,AALR3,1620751156775194,9.08,9.07,9.06,9.09,9.1,9.11,1500,1300,2500,100,2400,2200,9.09
17,129,BRAALRACNOR6BR00,AALR3,1620751207388090,9.08,9.07,9.06,9.1,9.11,9.12,1500,1300,1900,2400,2200,7000,9.09
18,129,BRAALRACNOR6BR00,AALR3,1620751207388783,9.08,9.07,9.06,9.1,9.11,9.12,1500,1900,1900,2400,2200,7000,9.09
19,129,BRAALRACNOR6BR00,AALR3,1620751207389975,9.08,9.07,9.06,9.09,9.1,9.11,1500,1900,1900,100,2400,2200,9.09
20,129,BRAALRACNOR6BR00,AALR3,1620751222334510,9.08,9.07,9.06,9.09,9.1,9.11,900,1300,1900,300,3000,2200,9.09
21,129,BRAALRACNOR6BR00,AALR3,1620751222353360,9.08,9.07,9.06,9.09,9.1,9.11,800,1300,1900,300,3000,2200,9.08
22,129,BRAALRACNOR6BR00,AALR3,1620751222354565,9.08,9.07,9.06,9.09,9.1,9.11,800,1300,1900,1000,3000,2200,9.08
23,129,BRAALRACNOR6BR00,AALR3,1620751248263756,9.08,9.07,9.06,9.09,9.1,9.11,500,1300,1900,1600,3000,2200,9.08
24,129,BRAALRACNOR6BR00,AALR3,1620751248263901,9.08,9.07,9.06,9.11,9.12,9.13,500,1300,1900,300,7000,7400,9.11
25,129,BRAALRACNOR6BR00,AALR3,1620751248265338,9.09,9.08,9.07,9.1,9.11,9.12,300,1700,1900,400,500,6400,9.11
26,129,BRAALRACNOR6BR00,AALR3,1620751248267693,9.08,9.07,9.06,9.1,9.11,9.12,1700,1900,1900,600,500,7000,9.09
27,129,BRAALRACNOR6BR00,AALR3,1620751248269008,9.08,9.07,9.06,9.09,9.1,9.11,1100,1900,1900,800,500,500,9.09
28,129,BRAALRACNOR6BR00,AALR3,1620751248291000,9.07,9.06,9.05,9.09,9.1,9.11,1300,1900,1500,800,1100,1100,9.08
29,129,BRAALRACNOR6BR00,AALR3,1620751248292358,9.07,9.06,9.05,9.08,9.09,9.1,1300,1900,1500,100,1300,1100,9.08
30,129,BRAALRACNOR6BR00,AALR3,1620751248292788,9.08,9.07,9.06,9.09,9.1,9.11,500,1300,1900,1300,1100,1100,9.08
31,129,BRAALRACNOR6BR00,AALR3,1620751248292920,9.08,9.07,9.06,9.09,9.1,9.11,500,1300,1900,1300,1100,1100,9.08
32,129,BRAALRACNOR6BR00,AALR3,1620751248292980,9.08,9.07,9.06,9.09,9.1,9.11,500,1300,1900,1300,1100,1100,9.08
33,129,BRAALRACNOR6BR00,AALR3,1620751248294153,9.08,9.07,9.06,9.09,9.1,9.11,500,1300,1900,1400,1100,900,9.08
34,129,BRAALRACNOR6BR00,AALR3,1620751248299793,9.07,9.06,9.05,9.09,9.1,9.11,2500,1900,900,1400,1100,900,9.08
35,129,BRAALRACNOR6BR00,AALR3,1620751248300936,9.08,9.07,9.06,9.09,9.1,9.11,200,2500,1900,1300,1100,900,9.08
36,129,BRAALRACNOR6BR00,AALR3,1620751248301112,9.08,9.07,9.06,9.09,9.1,9.11,200,2500,1900,1300,1100,900,9.08
37,129,BRAALRACNOR6BR00,AALR3,1620751248303832,9.08,9.07,9.06,9.09,9.1,9.11,100,2500,1900,1300,1100,900,9.08
38,129,BRAALRACNOR6BR00,AALR3,1620751248305033,9.08,9.07,9.06,9.09,9.1,9.11,100,2500,1900,1400,1100,900,9.08
39,129,BRAALRACNOR6BR00,AALR3,1620751296175494,9.08,9.07,9.06,9.09,9.1,9.11,1000,2400,1900,100,500,900,9.09
40,129,BRAALRACNOR6BR00,AALR3,1620751296177018,9.08,9.07,9.06,9.1,9.11,9.12,1000,2400,1900,600,900,7000,9.09
41,129,BRAALRACNOR6BR00,AALR3,1620751310597885,9.08,9.07,9.06,9.1,9.11,9.12,1100,2400,1900,600,900,7000,9.09
42,129,BRAALRACNOR6BR00,AALR3,1620751310599137,9.08,9.07,9.06,9.09,9.1,9.11,1100,2400,1900,100,500,900,9.09
43,129,BRAALRACNOR6BR00,AALR3,1620751312818269,9.08,9.07,9.06,9.1,9.11,9.12,1100,2400,1900,500,900,7000,9.09
44,129,BRAALRACNOR6BR00,AALR3,1620751312820624,9.08,9.07,9.06,9.1,9.11,9.12,1000,2400,1900,500,900,7000,9.08
45,129,BRAALRACNOR6BR00,AALR3,1620751312821778,9.08,9.07,9.06,9.09,9.1,9.11,1000,2400,1900,100,500,900,9.08
46,129,BRAALRACNOR6BR00,AALR3,1620751322711158,9.08,9.07,9.06,9.1,9.11,9.12,1000,2400,1900,500,900,7000,9.09
47,129,BRAALRACNOR6BR00,AALR3,1620751322711877,9.08,9.07,9.06,9.1,9.11,9.12,1000,2400,2500,500,900,7000,9.09
48,129,BRAALRACNOR6BR00,AALR3,1620751322713065,9.08,9.07,9.06,9.1,9.11,9.12,1000,2400,2500,600,900,7000,9.09
49,129,BRAALRACNOR6BR00,AALR3,1620751411551911,9.08,9.07,9.06,9.1,9.11,9.12,1000,2400,2500,1000,900,7000,9.1
50,129,BRAALRACNOR6BR00,AALR3,1620751411552541,9.08,9.07,9.06,9.1,9.11,9.12,1000,2400,2500,600,900,7000,9.1
51,129,BRAALRACNOR6BR00,AALR3,1620751411554092,9.09,9.08,9.07,9.1,9.11,9.12,1500,1600,2400,600,300,7000,9.1
52,129,BRAALRACNOR6BR00,AALR3,1620751411559299,9.08,9.07,9.06,9.09,9.1,9.11,1600,2400,2500,100,600,900,9.09
53,129,BRAALRACNOR6BR00,AALR3,1620751411560499,9.08,9.07,9.06,9.09,9.1,9.11,1600,2400,2500,200,500,900,9.09
54,129,BRAALRACNOR6BR00,AALR3,1620751411562453,9.08,9.07,9.06,9.09,9.1,9.11,1500,2400,2500,100,1100,900,9.08
55,129,BRAALRACNOR6BR00,AALR3,1620751411563573,9.08,9.07,9.06,9.1,9.11,9.12,1500,2400,2500,1800,900,7000,9.08
56,129,BRAALRACNOR6BR00,AALR3,1620751508973353,9.09,9.08,9.07,9.11,9.12,9.13,2400,1000,1200,900,7000,7400,9.1
57,129,BRAALRACNOR6BR00,AALR3,1620751508974002,9.09,9.08,9.07,9.11,9.12,9.13,2400,1000,1200,900,6400,7400,9.1
58,129,BRAALRACNOR6BR00,AALR3,1620751508975185,9.09,9.08,9.07,9.1,9.11,9.12,3000,1000,1200,100,800,7600,9.1
59,129,BRAALRACNOR6BR00,AALR3,1620751520622139,9.09,9.08,9.07,9.11,9.12,9.13,2200,1000,1200,1400,8200,7400,9.1
60,129,BRAALRACNOR6BR00,AALR3,1620751530803451,9.09,9.08,9.07,9.11,9.12,9.13,3000,1000,1200,1400,8200,7400,9.1
61,129,BRAALRACNOR6BR00,AALR3,1620751530804753,9.09,9.08,9.07,9.1,9.11,9.12,3600,1000,1200,100,800,7000,9.1
62,129,BRAALRACNOR6BR00,AALR3,1620751539263452,9.09,9.08,9.07,9.11,9.12,9.13,2900,1000,1200,1400,7000,7400,9.1
63,129,BRAALRACNOR6BR00,AALR3,1620751539264131,9.09,9.08,9.07,9.11,9.12,9.13,2900,1000,1200,2100,7000,7400,9.1
64,129,BRAALRACNOR6BR00,AALR3,1620751539265353,9.09,9.08,9.07,9.1,9.11,9.12,2900,1000,1200,400,2100,7000,9.1
65,129,BRAALRACNOR6BR00,AALR3,1620751548480171,9.09,9.08,9.07,9.11,9.12,9.13,2900,1000,1200,2100,7000,7400,9.1
66,129,BRAALRACNOR6BR00,AALR3,1620751553406990,9.09,9.08,9.07,9.11,9.12,9.13,2800,1000,1200,2100,7000,7400,9.09
67,129,BRAALRACNOR6BR00,AALR3,1620751553408290,9.09,9.08,9.07,9.1,9.11,9.12,2800,1000,1200,400,2100,7000,9.09
68,129,BRAALRACNOR6BR00,AALR3,1620751555888576,9.09,9.08,9.07,9.11,9.12,9.13,2800,1000,1200,2100,7000,7400,9.1
69,129,BRAALRACNOR6BR00,AALR3,1620751555891098,9.09,9.08,9.07,9.11,9.12,9.13,2700,1000,1200,2100,7000,7400,9.09
70,129,BRAALRACNOR6BR00,AALR3,1620751555892472,9.09,9.08,9.07,9.1,9.11,9.12,2700,1000,1200,400,2100,7000,9.09
71,129,BRAALRACNOR6BR00,AALR3,1620751562429900,9.09,9.08,9.07,9.11,9.12,9.13,2200,900,1200,2100,7000,7400,9.1
72,129,BRAALRACNOR6BR00,AALR3,1620751563044541,9.09,9.08,9.07,9.11,9.12,9.13,2800,900,1200,2100,7000,7400,9.1
73,129,BRAALRACNOR6BR00,AALR3,1620751563045786,9.09,9.08,9.07,9.1,9.11,9.12,2800,900,1200,100,2100,7000,9.1
74,129,BRAALRACNOR6BR00,AALR3,1620751569636952,9.09,9.08,9.07,9.11,9.12,9.13,2200,600,1200,2100,7000,7400,9.1
75,139,BRABEVACNOR1BR00,ABEV3,1620750928016308,16.91,16.9,16.89,16.92,16.93,16.94,15800,18000,32900,5000,15300,19600,16.92
76,139,BRABEVACNOR1BR00,ABEV3,1620750928017397,16.91,16.9,16.89,16.92,16.93,16.94,15800,18000,32900,5100,15300,19600,16.92
77,139,BRABEVACNOR1BR00,ABEV3,1620750930636513,16.91,16.9,16.89,16.92,16.93,16.94,15800,18000,32900,4600,15300,25200,16.92
78,139,BRABEVACNOR1BR00,ABEV3,1620750930704537,16.91,16.9,16.89,16.92,16.93,16.94,15800,18000,32900,4500,15300,25200,16.92
79,139,BRABEVACNOR1BR00,ABEV3,1620750930704558,16.91,16.9,16.89,16.92,16.93,16.94,15800,18000,32900,4500,15300,25200,16.92
80,139,BRABEVACNOR1BR00,ABEV3,1620750930782335,16.91,16.9,16.89,16.92,16.93,16.94,15800,18000,32900,4400,15300,25200,16.92
81,139,BRABEVACNOR1BR00,ABEV3,1620750930782358,16.91,16.9,16.89,16.92,16.93,16.94,15800,18000,32900,4400,15300,25200,16.92
82,139,BRABEVACNOR1BR00,ABEV3,1620750930822558,16.91,16.9,16.89,16.92,16.93,16.94,15800,18000,32900,4300,15300,25200,16.92
83,139,BRABEVACNOR1BR00,ABEV3,1620750930822580,16.91,16.9,16.89,16.92,16.93,16.94,15800,18000,32900,4300,15300,25200,16.92
84,139,BRABEVACNOR1BR00,ABEV3,1620750930881963,16.91,16.9,16.89,16.92,16.93,16.94,15800,18000,32900,4200,15300,25200,16.92
85,139,BRABEVACNOR1BR00,ABEV3,1620750930881982,16.91,16.9,16.89,16.92,16.93,16.94,15800,18000,32900,4200,15300,25200,16.92
86,139,BRABEVACNOR1BR00,ABEV3,1620750931033917,16.91,16.9,16.89,16.92,16.93,16.94,15800,18000,32900,4100,15300,25200,16.92
87,139,BRABEVACNOR1BR00,ABEV3,1620750931035023,16.91,16.9,16.89,16.92,16.93,16.94,15800,18000,32900,4200,15300,25200,16.92
88,139,BRABEVACNOR1BR00,ABEV3,1620750932344092,16.91,16.9,16.89,16.92,16.93,16.94,14200,18000,32900,4200,15300,25200,16.92
89,139,BRABEVACNOR1BR00,ABEV3,1620750932391967,16.91,16.9,16.89,16.92,16.93,16.94,14200,18000,32900,4100,15300,25200,16.92
90,139,BRABEVACNOR1BR00,ABEV3,1620750932391992,16.91,16.9,16.89,16.92,16.93,16.94,14200,18000,32900,4100,15300,25200,16.92
91,139,BRABEVACNOR1BR00,ABEV3,1620750932397160,16.91,16.9,16.89,16.92,16.93,16.94,15800,18000,32900,4100,15300,25200,16.92
92,139,BRABEVACNOR1BR00,ABEV3,1620750932397181,16.91,16.9,16.89,16.92,16.93,16.94,15800,18000,32900,4100,15300,25200,16.92
93,139,BRABEVACNOR1BR00,ABEV3,1620750932397998,16.91,16.9,16.89,16.92,16.93,16.94,15800,18000,32900,5200,15300,25200,16.92
94,139,BRABEVACNOR1BR00,ABEV3,1620750932398018,16.91,16.9,16.89,16.92,16.93,16.94,15800,18000,32900,5200,15300,25200,16.92
95,139,BRABEVACNOR1BR00,ABEV3,1620750932444826,16.91,16.9,16.89,16.92,16.93,16.94,15800,18000,32900,5100,15300,25200,16.92
96,139,BRABEVACNOR1BR00,ABEV3,1620750932444852,16.91,16.9,16.89,16.92,16.93,16.94,15800,18000,32900,5100,15300,25200,16.92
97,139,BRABEVACNOR1BR00,ABEV3,1620750932506917,16.91,16.9,16.89,16.92,16.93,16.94,15800,18000,32900,5000,15300,25200,16.92
98,139,BRABEVACNOR1BR00,ABEV3,1620750932506947,16.91,16.9,16.89,16.92,16.93,16.94,15800,18000,32900,5000,15300,25200,16.92
99,139,BRABEVACNOR1BR00,ABEV3,1620750932609513,16.91,16.9,16.89,16.92,16.93,16.94,15800,18000,32900,4900,15300,25200,16.92
100,139,BRABEVACNOR1BR00,ABEV3,1620750932609539,16.91,16.9,16.89,16.92,16.93,16.94,15800,18000,32900,4900,15300,25200,16.92
101,139,BRABEVACNOR1BR00,ABEV3,1620750932635219,16.91,16.9,16.89,16.92,16.93,16.94,15800,18000,32900,4800,15300,25200,16.92
102,139,BRABEVACNOR1BR00,ABEV3,1620750932635242,16.91,16.9,16.89,16.92,16.93,16.94,15800,18000,32900,4800,15300,25200,16.92
103,139,BRABEVACNOR1BR00,ABEV3,1620750932690531,16.91,16.9,16.89,16.92,16.93,16.94,15800,18000,32900,4700,15300,25200,16.92
104,139,BRABEVACNOR1BR00,ABEV3,1620750932690554,16.91,16.9,16.89,16.92,16.93,16.94,15800,18000,32900,4700,15300,25200,16.92
105,139,BRABEVACNOR1BR00,ABEV3,1620750932694711,16.91,16.9,16.89,16.92,16.93,16.94,15800,18000,32900,4600,15300,25200,16.92
106,139,BRABEVACNOR1BR00,ABEV3,1620750932694729,16.91,16.9,16.89,16.92,16.93,16.94,15800,18000,32900,4600,15300,25200,16.92
107,139,BRABEVACNOR1BR00,ABEV3,1620750932757350,16.91,16.9,16.89,16.92,16.93,16.94,15800,18000,32900,4500,15300,25200,16.92
108,139,BRABEVACNOR1BR00,ABEV3,1620750932757384,16.91,16.9,16.89,16.92,16.93,16.94,15800,18000,32900,4500,15300,25200,16.92
109,139,BRABEVACNOR1BR00,ABEV3,1620750932830301,16.91,16.9,16.89,16.92,16.93,16.94,15800,18000,32900,4400,15300,25200,16.92
110,139,BRABEVACNOR1BR00,ABEV3,1620750932830327,16.91,16.9,16.89,16.92,16.93,16.94,15800,18000,32900,4400,15300,25200,16.92
111,139,BRABEVACNOR1BR00,ABEV3,1620750932920004,16.91,16.9,16.89,16.92,16.93,16.94,15800,18000,32900,4300,15300,25200,16.92
112,139,BRABEVACNOR1BR00,ABEV3,1620750932920028,16.91,16.9,16.89,16.92,16.93,16.94,15800,18000,32900,4300,15300,25200,16.92
113,139,BRABEVACNOR1BR00,ABEV3,1620750932946582,16.91,16.9,16.89,16.92,16.93,16.94,15800,18000,32900,4200,15300,25200,16.92
114,139,BRABEVACNOR1BR00,ABEV3,1620750932947820,16.91,16.9,16.89,16.92,16.93,16.94,15800,18000,32900,4300,15300,25200,16.92
115,139,BRABEVACNOR1BR00,ABEV3,1620750933441107,16.91,16.9,16.89,16.92,16.93,16.94,16900,25900,30600,800,14300,19600,16.92
116,139,BRABEVACNOR1BR00,ABEV3,1620750933459098,16.91,16.9,16.89,16.92,16.93,16.94,16900,25900,30600,800,14300,19600,16.92
117,139,BRABEVACNOR1BR00,ABEV3,1620750933459126,16.91,16.9,16.89,16.92,16.93,16.94,16900,25900,30600,800,14300,19600,16.92
118,139,BRABEVACNOR1BR00,ABEV3,1620750933459305,16.91,16.9,16.89,16.92,16.93,16.94,19700,25900,30600,800,14300,19600,16.92
119,139,BRABEVACNOR1BR00,ABEV3,1620750933459325,16.91,16.9,16.89,16.92,16.93,16.94,19700,25900,30600,800,14300,19600,16.92
120,139,BRABEVACNOR1BR00,ABEV3,1620750933459563,16.91,16.9,16.89,16.92,16.93,16.94,19700,25900,33000,800,14300,19600,16.92
121,139,BRABEVACNOR1BR00,ABEV3,1620750933459591,16.91,16.9,16.89,16.92,16.93,16.94,19700,25900,33000,800,14300,19600,16.92
122,139,BRABEVACNOR1BR00,ABEV3,1620750933472654,16.91,16.9,16.89,16.92,16.93,16.94,19700,22700,33000,800,14300,19600,16.92
123,139,BRABEVACNOR1BR00,ABEV3,1620750933472676,16.91,16.9,16.89,16.92,16.93,16.94,19700,22700,33000,800,14300,19600,16.92
124,139,BRABEVACNOR1BR00,ABEV3,1620750933472946,16.91,16.9,16.89,16.92,16.93,16.94,19700,22700,33000,700,14300,19600,16.92
125,139,BRABEVACNOR1BR00,ABEV3,1620750933472967,16.91,16.9,16.89,16.92,16.93,16.94,19700,22700,33000,700,14300,19600,16.92
126,139,BRABEVACNOR1BR00,ABEV3,1620750933522933,16.91,16.9,16.89,16.92,16.93,16.94,19800,22700,33000,700,14300,19600,16.92
127,139,BRABEVACNOR1BR00,ABEV3,1620750933522957,16.91,16.9,16.89,16.92,16.93,16.94,19800,22700,33000,700,14300,19600,16.92
128,139,BRABEVACNOR1BR00,ABEV3,1620750933550699,16.91,16.9,16.89,16.92,16.93,16.94,4000,22700,33000,700,14300,19600,16.91
129,139,BRABEVACNOR1BR00,ABEV3,1620750933550721,16.91,16.9,16.89,16.92,16.93,16.94,4000,22700,33000,700,14300,19600,16.91
130,139,BRABEVACNOR1BR00,ABEV3,1620750933552268,16.91,16.9,16.89,16.92,16.93,16.94,4000,22700,33000,2200,14300,19600,16.91
131,139,BRABEVACNOR1BR00,ABEV3,1620750933552287,16.91,16.9,16.89,16.92,16.93,16.94,4000,22700,33000,2200,14300,19600,16.91
132,139,BRABEVACNOR1BR00,ABEV3,1620750933552357,16.91,16.9,16.89,16.92,16.93,16.94,4000,22700,33000,3000,14300,19600,16.91
133,139,BRABEVACNOR1BR00,ABEV3,1620750933552401,16.91,16.9,16.89,16.92,16.93,16.94,4000,22700,33000,3000,14300,23100,16.91
134,139,BRABEVACNOR1BR00,ABEV3,1620750933552439,16.91,16.9,16.89,16.92,16.93,16.94,4000,22700,33000,4100,14300,23100,16.91
135,139,BRABEVACNOR1BR00,ABEV3,1620750933552467,16.91,16.9,16.89,16.92,16.93,16.94,4000,22700,33000,4100,14300,23100,16.91
136,139,BRABEVACNOR1BR00,ABEV3,1620750933553753,16.91,16.9,16.89,16.92,16.93,16.94,4000,22700,33000,9100,14300,23100,16.91
137,139,BRABEVACNOR1BR00,ABEV3,1620750933553770,16.91,16.9,16.89,16.92,16.93,16.94,4000,22700,33000,9100,14300,23100,16.91
138,139,BRABEVACNOR1BR00,ABEV3,1620750933554009,16.91,16.9,16.89,16.92,16.93,16.94,4000,17100,33000,9100,14300,23100,16.91
139,139,BRABEVACNOR1BR00,ABEV3,1620750933554025,16.91,16.9,16.89,16.92,16.93,16.94,4000,17100,33000,9100,14300,23100,16.91
140,139,BRABEVACNOR1BR00,ABEV3,1620750933554502,16.91,16.9,16.89,16.92,16.93,16.94,1200,17100,33000,9100,14300,23100,16.91
141,139,BRABEVACNOR1BR00,ABEV3,1620750933554506,16.91,16.9,16.89,16.92,16.93,16.94,1200,17100,33000,9100,14300,23100,16.91
142,139,BRABEVACNOR1BR00,ABEV3,1620750933554687,16.91,16.9,16.89,16.92,16.93,16.94,1200,17000,33000,9100,14300,23100,16.91
143,139,BRABEVACNOR1BR00,ABEV3,1620750933554721,16.91,16.9,16.89,16.92,16.93,16.94,1200,17000,33000,9100,14300,23100,16.91
144,139,BRABEVACNOR1BR00,ABEV3,1620750933558285,16.91,16.9,16.89,16.92,16.93,16.94,1200,17000,33000,9000,14300,23100,16.92
145,139,BRABEVACNOR1BR00,ABEV3,1620750933558316,16.91,16.9,16.89,16.92,16.93,16.94,1200,17000,33000,9000,14300,23100,16.92
146,139,BRABEVACNOR1BR00,ABEV3,1620750933560974,16.91,16.9,16.89,16.92,16.93,16.94,1200,17000,33000,9000,17300,23100,16.92
147,139,BRABEVACNOR1BR00,ABEV3,1620750933560996,16.91,16.9,16.89,16.92,16.93,16.94,1200,17000,33000,9000,17300,23100,16.92
148,139,BRABEVACNOR1BR00,ABEV3,1620750933561035,16.91,16.9,16.89,16.92,16.93,16.94,1200,17000,33000,9000,20600,19600,16.92
149,139,BRABEVACNOR1BR00,ABEV3,1620750933561052,16.91,16.9,16.89,16.92,16.93,16.94,1200,17000,33000,9000,20600,19600,16.92
150,139,BRABEVACNOR1BR00,ABEV3,1620750933681680,16.91,16.9,16.89,16.92,16.93,16.94,1200,17000,33000,9300,20600,19600,16.92
151,139,BRABEVACNOR1BR00,ABEV3,1620750933681707,16.91,16.9,16.89,16.92,16.93,16.94,1200,17000,33000,9300,20600,19600,16.92
152,139,BRABEVACNOR1BR00,ABEV3,1620750933682374,16.91,16.9,16.89,16.92,16.93,16.94,1200,14600,33000,9300,20600,19600,16.92
153,139,BRABEVACNOR1BR00,ABEV3,1620750933682396,16.91,16.9,16.89,16.92,16.93,16.94,1200,14600,33000,9300,20600,19600,16.92
154,139,BRABEVACNOR1BR00,ABEV3,1620750933682683,16.91,16.9,16.89,16.92,16.93,16.94,1200,14600,33000,10700,20600,19600,16.92
155,139,BRABEVACNOR1BR00,ABEV3,1620750933682702,16.91,16.9,16.89,16.92,16.93,16.94,1200,14600,33000,10700,20600,19600,16.92
156,139,BRABEVACNOR1BR00,ABEV3,1620750933687754,16.91,16.9,16.89,16.92,16.93,16.94,1200,14600,33000,10700,20600,19700,16.92
157,139,BRABEVACNOR1BR00,ABEV3,1620750933687780,16.91,16.9,16.89,16.92,16.93,16.94,1200,14600,33000,10700,20600,19700,16.92
158,139,BRABEVACNOR1BR00,ABEV3,1620750933709481,16.91,16.9,16.89,16.92,16.93,16.94,1100,14600,33000,10600,20600,19700,16.92
159,139,BRABEVACNOR1BR00,ABEV3,1620750933709511,16.91,16.9,16.89,16.92,16.93,16.94,1100,14600,33000,10600,20600,19700,16.92
160,139,BRABEVACNOR1BR00,ABEV3,1620750933710842,16.91,16.9,16.89,16.92,16.93,16.94,100,14600,33000,10600,20600,19700,16.92
161,139,BRABEVACNOR1BR00,ABEV3,1620750933710873,16.91,16.9,16.89,16.92,16.93,16.94,100,14600,33000,10600,20600,19700,16.92
162,139,BRABEVACNOR1BR00,ABEV3,1620750933853851,16.91,16.9,16.89,16.92,16.93,16.94,100,14600,33000,10500,20600,19700,16.92
163,139,BRABEVACNOR1BR00,ABEV3,1620750933853870,16.91,16.9,16.89,16.92,16.93,16.94,100,14600,33000,10500,20600,19700,16.92
164,139,BRABEVACNOR1BR00,ABEV3,1620750933876659,16.91,16.9,16.89,16.92,16.93,16.94,100,14600,33000,10400,20600,19700,16.92
165,139,BRABEVACNOR1BR00,ABEV3,1620750933876678,16.91,16.9,16.89,16.92,16.93,16.94,100,14600,33000,10400,20600,19700,16.92
166,139,BRABEVACNOR1BR00,ABEV3,1620750933877563,16.91,16.9,16.89,16.92,16.93,16.94,100,14600,33000,10400,20600,19700,16.92
167,139,BRABEVACNOR1BR00,ABEV3,1620750933877582,16.91,16.9,16.89,16.92,16.93,16.94,100,14600,33000,10400,20600,19700,16.92
168,139,BRABEVACNOR1BR00,ABEV3,1620750933897695,16.91,16.9,16.89,16.92,16.93,16.94,100,14600,33000,10300,20600,19700,16.92
169,139,BRABEVACNOR1BR00,ABEV3,1620750933897715,16.91,16.9,16.89,16.92,16.93,16.94,100,14600,33000,10300,20600,19700,16.92
170,139,BRABEVACNOR1BR00,ABEV3,1620750933960187,16.91,16.9,16.89,16.92,16.93,16.94,100,14600,33000,10200,20600,19700,16.92
171,139,BRABEVACNOR1BR00,ABEV3,1620750933960212,16.91,16.9,16.89,16.92,16.93,16.94,100,14600,33000,10200,20600,19700,16.92
172,139,BRABEVACNOR1BR00,ABEV3,1620750934054072,16.9,16.89,16.88,16.92,16.93,16.94,14700,33000,40400,10200,20600,19700,16.92
173,139,BRABEVACNOR1BR00,ABEV3,1620750934054091,16.9,16.89,16.88,16.92,16.93,16.94,14700,33000,40400,10200,20600,19700,16.92
174,139,BRABEVACNOR1BR00,ABEV3,1620750934054743,16.9,16.89,16.88,16.92,16.93,16.94,14700,32500,40400,10200,20600,19700,16.92
175,139,BRABEVACNOR1BR00,ABEV3,1620750934054764,16.9,16.89,16.88,16.92,16.93,16.94,14700,32500,40400,10200,20600,19700,16.92
176,139,BRABEVACNOR1BR00,ABEV3,1620750934054857,16.9,16.89,16.88,16.92,16.93,16.94,14700,32500,40400,10200,17300,19700,16.92
177,139,BRABEVACNOR1BR00,ABEV3,1620750934054876,16.9,16.89,16.88,16.92,16.93,16.94,14700,32500,40400,10200,17300,19700,16.92
178,139,BRABEVACNOR1BR00,ABEV3,1620750934054935,16.9,16.89,16.88,16.92,16.93,16.94,14700,32500,40400,10200,14300,19700,16.92
179,139,BRABEVACNOR1BR00,ABEV3,1620750934054953,16.9,16.89,16.88,16.92,16.93,16.94,14700,32500,40400,10200,14300,19700,16.92
180,139,BRABEVACNOR1BR00,ABEV3,1620750934077678,16.9,16.89,16.88,16.92,16.93,16.94,14700,32500,40400,10100,14300,19700,16.92
181,139,BRABEVACNOR1BR00,ABEV3,1620750934077696,16.9,16.89,16.88,16.92,16.93,16.94,14700,32500,40400,10100,14300,19700,16.92
182,139,BRABEVACNOR1BR00,ABEV3,1620750934078575,16.9,16.89,16.88,16.92,16.93,16.94,16400,32500,40400,10100,14300,19700,16.92
183,139,BRABEVACNOR1BR00,ABEV3,1620750934078616,16.9,16.89,16.88,16.92,16.93,16.94,16400,32500,40400,10100,14300,19700,16.92
184,139,BRABEVACNOR1BR00,ABEV3,1620750934078632,16.9,16.89,16.88,16.92,16.93,16.94,16400,32500,40400,10100,14300,23200,16.92
185,139,BRABEVACNOR1BR00,ABEV3,1620750934078654,16.9,16.89,16.88,16.92,16.93,16.94,16400,32500,40400,10100,14300,23200,16.92
186,139,BRABEVACNOR1BR00,ABEV3,1620750934079423,16.9,16.89,16.88,16.92,16.93,16.94,17900,32500,40400,10100,14300,23200,16.92
187,139,BRABEVACNOR1BR00,ABEV3,1620750934079448,16.9,16.89,16.88,16.92,16.93,16.94,17900,32500,40400,10100,14300,23200,16.92
188,139,BRABEVACNOR1BR00,ABEV3,1620750934079508,16.9,16.89,16.88,16.92,16.93,16.94,17900,32500,40400,10100,14400,23200,16.92
189,139,BRABEVACNOR1BR00,ABEV3,1620750934079526,16.9,16.89,16.88,16.92,16.93,16.94,17900,32500,40400,10100,14400,23200,16.92
190,139,BRABEVACNOR1BR00,ABEV3,1620750934091197,16.9,16.89,16.88,16.92,16.93,16.94,17900,32500,40400,12000,14400,23200,16.92
191,139,BRABEVACNOR1BR00,ABEV3,1620750934092466,16.9,16.89,16.88,16.92,16.93,16.94,16400,32500,40400,12100,14400,23200,16.92
192,139,BRABEVACNOR1BR00,ABEV3,1620750941080121,16.91,16.9,16.89,16.92,16.93,16.94,7500,21000,34100,9900,13700,24500,16.92
193,139,BRABEVACNOR1BR00,ABEV3,1620750941080636,16.91,16.9,16.89,16.92,16.93,16.94,7500,21000,34100,9600,13700,24500,16.92
194,139,BRABEVACNOR1BR00,ABEV3,1620750941081910,16.91,16.9,16.89,16.92,16.93,16.94,7500,21000,34100,5700,13700,24500,16.92
195,139,BRABEVACNOR1BR00,ABEV3,1620750941089281,16.91,16.9,16.89,16.93,16.94,16.95,10900,23300,31800,12300,24500,35300,16.93
196,139,BRABEVACNOR1BR00,ABEV3,1620750941089309,16.91,16.9,16.89,16.93,16.94,16.95,10900,23300,31800,12300,24500,35300,16.93
197,139,BRABEVACNOR1BR00,ABEV3,1620750941090177,16.91,16.9,16.89,16.93,16.94,16.95,10900,23300,31800,12300,24500,35300,16.93
198,139,BRABEVACNOR1BR00,ABEV3,1620750941091884,16.92,16.91,16.9,16.93,16.94,16.95,100,12700,24900,12400,16200,41300,16.93
199,139,BRABEVACNOR1BR00,ABEV3,1620750941095026,16.91,16.9,16.89,16.92,16.93,16.94,13500,24900,32500,1900,7600,14700,16.93
200,139,BRABEVACNOR1BR00,ABEV3,1620750941095052,16.91,16.9,16.89,16.92,16.93,16.94,13500,24900,32500,1900,7600,14700,16.93
201,139,BRABEVACNOR1BR00,ABEV3,1620750964448060,16.9,16.89,16.88,16.91,16.92,16.93,17100,33000,40100,4500,16600,13300,16.91
202,139,BRABEVACNOR1BR00,ABEV3,1620750964449852,16.9,16.89,16.88,16.91,16.92,16.93,11800,31500,40100,4600,17400,16500,16.91
203,139,BRABEVACNOR1BR00,ABEV3,1620750964514443,16.9,16.89,16.88,16.91,16.92,16.93,11800,29100,43500,100,17400,15400,16.91
204,139,BRABEVACNOR1BR00,ABEV3,1620750964515860,16.9,16.89,16.88,16.92,16.93,16.94,11800,30000,40100,17400,18700,21600,16.91
205,139,BRABEVACNOR1BR00,ABEV3,1620750964516696,16.9,16.89,16.88,16.92,16.93,16.94,11800,31500,40100,17400,18700,21600,16.91
206,139,BRABEVACNOR1BR00,ABEV3,1620750964518010,16.9,16.89,16.88,16.92,16.93,16.94,11800,31500,40100,17500,22000,21600,16.91
207,139,BRABEVACNOR1BR00,ABEV3,1620750964591314,16.9,16.89,16.88,16.91,16.92,16.93,12600,31600,40100,1200,20400,21900,16.91
208,139,BRABEVACNOR1BR00,ABEV3,1620750964592496,16.9,16.89,16.88,16.91,16.92,16.93,12600,31500,40100,1300,20300,21900,16.91
209,139,BRABEVACNOR1BR00,ABEV3,1620750965300749,16.9,16.89,16.88,16.91,16.92,16.93,11800,30000,40100,1800,19700,21300,16.91
210,139,BRABEVACNOR1BR00,ABEV3,1620750965362783,16.9,16.89,16.88,16.91,16.92,16.93,11800,30000,40100,1700,19700,21300,16.91
211,139,BRABEVACNOR1BR00,ABEV3,1620750965363941,16.9,16.89,16.88,16.91,16.92,16.93,11800,30000,40100,1800,19700,21300,16.91
212,139,BRABEVACNOR1BR00,ABEV3,1620750968473277,16.9,16.89,16.88,16.91,16.92,16.93,10800,27600,40100,2000,20400,16000,16.91
213,139,BRABEVACNOR1BR00,ABEV3,1620750968593752,16.9,16.89,16.88,16.91,16.92,16.93,10800,27600,40100,1900,20400,16000,16.91
214,139,BRABEVACNOR1BR00,ABEV3,1620750968594995,16.9,16.89,16.88,16.91,16.92,16.93,10800,27600,40100,2000,20400,16000,16.91
215,139,BRABEVACNOR1BR00,ABEV3,1620750972081322,16.9,16.89,16.88,16.91,16.92,16.93,11900,29900,40100,1300,19200,15100,16.91
216,139,BRABEVACNOR1BR00,ABEV3,1620750972081819,16.9,16.89,16.88,16.91,16.92,16.93,11900,29900,40100,1300,19200,11800,16.91
217,139,BRABEVACNOR1BR00,ABEV3,1620750972081848,16.9,16.89,16.88,16.91,16.92,16.93,11900,29900,40100,1300,19200,11800,16.91
218,139,BRABEVACNOR1BR00,ABEV3,1620750972099851,16.9,16.89,16.88,16.91,16.92,16.93,12000,29900,40100,1300,19200,11800,16.91
219,139,BRABEVACNOR1BR00,ABEV3,1620750972099871,16.9,16.89,16.88,16.91,16.92,16.93,12000,29900,40100,1300,19200,11800,16.91
220,139,BRABEVACNOR1BR00,ABEV3,1620750972100856,16.9,16.89,16.88,16.91,16.92,16.93,12000,29900,40100,1300,19200,11800,16.91
221,139,BRABEVACNOR1BR00,ABEV3,1620750972100877,16.9,16.89,16.88,16.91,16.92,16.93,12000,29900,40100,1300,19200,11800,16.91
222,139,BRABEVACNOR1BR00,ABEV3,1620750972141503,16.9,16.89,16.88,16.91,16.92,16.93,12500,29900,40100,1300,19200,11800,16.91
223,139,BRABEVACNOR1BR00,ABEV3,1620750972141527,16.9,16.89,16.88,16.91,16.92,16.93,12500,29900,40100,1300,19200,11800,16.91
224,139,BRABEVACNOR1BR00,ABEV3,1620750972351804,16.9,16.89,16.88,16.91,16.92,16.93,12500,29900,40100,1200,19200,11800,16.91
225,139,BRABEVACNOR1BR00,ABEV3,1620750972351829,16.9,16.89,16.88,16.91,16.92,16.93,12500,29900,40100,1200,19200,11800,16.91
226,139,BRABEVACNOR1BR00,ABEV3,1620750972359159,16.9,16.89,16.88,16.91,16.92,16.93,12500,29900,40100,1400,19200,11800,16.91
227,139,BRABEVACNOR1BR00,ABEV3,1620750972363022,16.9,16.89,16.88,16.91,16.92,16.93,12500,29900,40100,1500,19200,11800,16.91
228,139,BRABEVACNOR1BR00,ABEV3,1620750975001670,16.9,16.89,16.88,16.91,16.92,16.93,12500,22000,40100,600,19200,15100,16.91
229,139,BRABEVACNOR1BR00,ABEV3,1620750975073142,16.9,16.89,16.88,16.91,16.92,16.93,12500,22000,40100,600,20300,15100,16.91
230,139,BRABEVACNOR1BR00,ABEV3,1620750975073164,16.9,16.89,16.88,16.91,16.92,16.93,12500,22000,40100,600,20300,15100,16.91
231,139,BRABEVACNOR1BR00,ABEV3,1620750975130895,16.9,16.89,16.88,16.91,16.92,16.93,12600,22000,40100,600,20300,15100,16.91
232,139,BRABEVACNOR1BR00,ABEV3,1620750975130920,16.9,16.89,16.88,16.91,16.92,16.93,12600,22000,40100,600,20300,15100,16.91
233,139,BRABEVACNOR1BR00,ABEV3,1620750975204920,16.9,16.89,16.88,16.92,16.93,16.94,12600,22000,40100,19700,15100,30000,16.92
234,139,BRABEVACNOR1BR00,ABEV3,1620750975204945,16.9,16.89,16.88,16.92,16.93,16.94,12600,22000,40100,19700,15100,30000,16.92
235,139,BRABEVACNOR1BR00,ABEV3,1620750975206006,16.9,16.89,16.88,16.92,16.93,16.94,12600,23500,40100,19700,15100,30000,16.92
236,139,BRABEVACNOR1BR00,ABEV3,1620750975206023,16.9,16.89,16.88,16.92,16.93,16.94,12600,23500,40100,19700,15100,30000,16.92
237,139,BRABEVACNOR1BR00,ABEV3,1620750975207667,16.9,16.89,16.88,16.92,16.93,16.94,12600,23600,40100,19700,15100,30000,16.92
238,139,BRABEVACNOR1BR00,ABEV3,1620750975207702,16.9,16.89,16.88,16.92,16.93,16.94,12600,23600,40100,19700,15100,30000,16.92
239,139,BRABEVACNOR1BR00,ABEV3,1620750975207717,16.91,16.9,16.89,16.92,16.93,16.94,100,12600,23600,19700,15100,30000,16.92
240,139,BRABEVACNOR1BR00,ABEV3,1620750975207734,16.91,16.9,16.89,16.92,16.93,16.94,100,12600,23600,19700,15100,30000,16.92
241,139,BRABEVACNOR1BR00,ABEV3,1620750975209172,16.91,16.9,16.89,16.92,16.93,16.94,100,13400,23600,19700,15100,30000,16.92
242,139,BRABEVACNOR1BR00,ABEV3,1620750975209201,16.91,16.9,16.89,16.92,16.93,16.94,100,13400,23600,19700,15100,30000,16.92
243,139,BRABEVACNOR1BR00,ABEV3,1620750975210728,16.91,16.9,16.89,16.92,16.93,16.94,1700,13400,23600,19700,15100,30000,16.92
244,139,BRABEVACNOR1BR00,ABEV3,1620750975210749,16.91,16.9,16.89,16.92,16.93,16.94,1700,13400,23600,19700,15100,30000,16.92
245,139,BRABEVACNOR1BR00,ABEV3,1620750975211421,16.91,16.9,16.89,16.92,16.93,16.94,1700,13400,23600,19600,15100,30000,16.92
246,139,BRABEVACNOR1BR00,ABEV3,1620750975211445,16.91,16.9,16.89,16.92,16.93,16.94,1700,13400,23600,19600,15100,30000,16.92
247,139,BRABEVACNOR1BR00,ABEV3,1620750975212046,16.91,16.9,16.89,16.92,16.93,16.94,1700,13400,23600,19600,11800,30000,16.92
248,139,BRABEVACNOR1BR00,ABEV3,1620750975212066,16.91,16.9,16.89,16.92,16.93,16.94,1700,13400,23600,19600,11800,30000,16.92
249,139,BRABEVACNOR1BR00,ABEV3,1620750975215660,16.91,16.9,16.89,16.92,16.93,16.94,2200,12900,23600,19600,11800,30000,16.92
250,139,BRABEVACNOR1BR00,ABEV3,1620750975215679,16.91,16.9,16.89,16.92,16.93,16.94,2200,12900,23600,19600,11800,30000,16.92
251,139,BRABEVACNOR1BR00,ABEV3,1620750975216155,16.91,16.9,16.89,16.92,16.93,16.94,2800,12300,23600,19600,11800,30000,16.92
252,139,BRABEVACNOR1BR00,ABEV3,1620750975216174,16.91,16.9,16.89,16.92,16.93,16.94,2800,12300,23600,19600,11800,30000,16.92
253,139,BRABEVACNOR1BR00,ABEV3,1620750975216258,16.91,16.9,16.89,16.92,16.93,16.94,2800,12300,23600,19600,11700,30000,16.92
254,139,BRABEVACNOR1BR00,ABEV3,1620750975216276,16.91,16.9,16.89,16.92,16.93,16.94,2800,12300,23600,19600,11700,30000,16.92
255,139,BRABEVACNOR1BR00,ABEV3,1620750975216507,16.91,16.9,16.89,16.92,16.93,16.94,2800,12300,23600,19600,11700,32900,16.92
256,139,BRABEVACNOR1BR00,ABEV3,1620750975216525,16.91,16.9,16.89,16.92,16.93,16.94,2800,12300,23600,19600,11700,32900,16.92
257,139,BRABEVACNOR1BR00,ABEV3,1620750975312133,16.91,16.9,16.89,16.92,16.93,16.94,2800,12400,23500,19600,11700,32900,16.92
258,139,BRABEVACNOR1BR00,ABEV3,1620750975313627,16.91,16.9,16.89,16.92,16.93,16.94,2800,12400,23500,19700,11700,32900,16.92
259,139,BRABEVACNOR1BR00,ABEV3,1620750976060800,16.9,16.89,16.88,16.91,16.92,16.93,11400,23500,30100,3600,16400,17000,16.91
260,139,BRABEVACNOR1BR00,ABEV3,1620750976062023,16.9,16.89,16.88,16.91,16.92,16.93,10500,23400,30100,3600,16400,17000,16.91
261,139,BRABEVACNOR1BR00,ABEV3,1620750976111872,16.9,16.89,16.88,16.91,16.92,16.93,9000,18600,33400,100,23000,17400,16.91
262,139,BRABEVACNOR1BR00,ABEV3,1620750976113066,16.9,16.89,16.88,16.92,16.93,16.94,9000,18600,33400,23100,17400,30000,16.91
263,139,BRABEVACNOR1BR00,ABEV3,1620750976118361,16.9,16.89,16.88,16.91,16.92,16.93,4400,15900,33400,1100,23100,17400,16.9
264,139,BRABEVACNOR1BR00,ABEV3,1620750976120123,16.89,16.88,16.87,16.91,16.92,16.93,15800,33400,44900,12000,24400,17400,16.9
265,139,BRABEVACNOR1BR00,ABEV3,1620750976209561,16.89,16.88,16.87,16.9,16.91,16.92,14700,25300,50900,100,16700,24700,16.91
266,139,BRABEVACNOR1BR00,ABEV3,1620750976209588,16.89,16.88,16.87,16.9,16.91,16.92,14700,25300,50900,100,16700,24700,16.91
267,139,BRABEVACNOR1BR00,ABEV3,1620750976904479,16.9,16.89,16.88,16.91,16.92,16.93,6200,16500,35000,8000,18000,23000,16.91
268,139,BRABEVACNOR1BR00,ABEV3,1620750976905193,16.9,16.89,16.88,16.91,16.92,16.93,6200,16500,35000,8000,18000,26300,16.91
269,139,BRABEVACNOR1BR00,ABEV3,1620750976906336,16.9,16.89,16.88,16.91,16.92,16.93,6200,16500,36400,8100,18000,26300,16.91
270,139,BRABEVACNOR1BR00,ABEV3,1620750978484252,16.9,16.89,16.88,16.91,16.92,16.93,8600,24200,38700,500,19100,13400,16.91
271,139,BRABEVACNOR1BR00,ABEV3,1620750978502329,16.9,16.89,16.88,16.91,16.92,16.93,8600,24200,38700,400,19100,13400,16.91
272,139,BRABEVACNOR1BR00,ABEV3,1620750978503515,16.9,16.89,16.88,16.91,16.92,16.93,8600,24200,38700,500,19100,13400,16.91
273,139,BRABEVACNOR1BR00,ABEV3,1620750978794948,16.9,16.89,16.88,16.91,16.92,16.93,8600,24200,28700,100,19100,13400,16.91
274,139,BRABEVACNOR1BR00,ABEV3,1620750978794977,16.9,16.89,16.88,16.91,16.92,16.93,8600,24200,28700,100,19100,13400,16.91
275,139,BRABEVACNOR1BR00,ABEV3,1620750978819028,16.9,16.89,16.88,16.92,16.93,16.94,8600,24200,28700,19100,13400,30100,16.91
276,139,BRABEVACNOR1BR00,ABEV3,1620750978819536,16.9,16.89,16.88,16.92,16.93,16.94,8600,24200,28700,19100,13400,30100,16.91
277,139,BRABEVACNOR1BR00,ABEV3,1620750978820680,16.9,16.89,16.88,16.92,16.93,16.94,8600,24200,31500,19200,16600,30000,16.91
278,139,BRABEVACNOR1BR00,ABEV3,1620750980260607,16.9,16.89,16.88,16.91,16.92,16.93,9500,25400,34700,4000,16600,16200,16.91
279,139,BRABEVACNOR1BR00,ABEV3,1620750980261779,16.9,16.89,16.88,16.91,16.92,16.93,8100,23800,34700,4100,16500,17800,16.91
280,139,BRABEVACNOR1BR00,ABEV3,1620750980350382,16.9,16.89,16.88,16.91,16.92,16.93,7300,21300,37200,100,16500,20600,16.91
281,139,BRABEVACNOR1BR00,ABEV3,1620750980351745,16.9,16.89,16.88,16.92,16.93,16.94,7300,27000,34700,16500,20600,24500,16.91
282,139,BRABEVACNOR1BR00,ABEV3,1620750980352100,16.9,16.89,16.88,16.92,16.93,16.94,7300,27000,32400,16500,20600,24500,16.91
283,139,BRABEVACNOR1BR00,ABEV3,1620750980353295,16.9,16.89,16.88,16.92,16.93,16.94,7300,27000,32400,16600,20600,24500,16.91
284,139,BRABEVACNOR1BR00,ABEV3,1620750980427925,16.9,16.89,16.88,16.91,16.92,16.93,7400,27100,32400,600,21100,20600,16.91
285,139,BRABEVACNOR1BR00,ABEV3,1620750980429087,16.9,16.89,16.88,16.91,16.92,16.93,7400,27100,32400,700,19500,20600,16.91
286,139,BRABEVACNOR1BR00,ABEV3,1620750982141414,16.9,16.89,16.88,16.91,16.92,16.93,30300,24700,42400,200,20900,15800,16.91
287,139,BRABEVACNOR1BR00,ABEV3,1620750982204644,16.9,16.89,16.88,16.91,16.92,16.93,30400,24700,42400,200,20900,15800,16.91
288,139,BRABEVACNOR1BR00,ABEV3,1620750982205869,16.9,16.89,16.88,16.91,16.92,16.93,30400,24700,42400,300,20900,15800,16.91
289,139,BRABEVACNOR1BR00,ABEV3,1620750982328755,16.9,16.89,16.88,16.91,16.92,16.93,30300,24700,42400,100,20900,19200,16.91
290,139,BRABEVACNOR1BR00,ABEV3,1620750982329917,16.9,16.89,16.88,16.92,16.93,16.94,30300,24700,42400,21000,19200,30000,16.91
291,139,BRABEVACNOR1BR00,ABEV3,1620751005335685,16.91,16.9,16.89,16.92,16.93,16.94,9100,37100,26100,16800,13100,35400,16.92
292,139,BRABEVACNOR1BR00,ABEV3,1620751005398458,16.91,16.9,16.89,16.92,16.93,16.94,9000,37100,26100,16700,13100,35400,16.92
293,139,BRABEVACNOR1BR00,ABEV3,1620751005398489,16.91,16.9,16.89,16.92,16.93,16.94,9000,37100,26100,16700,13100,35400,16.92
294,139,BRABEVACNOR1BR00,ABEV3,1620751005516928,16.91,16.9,16.89,16.92,16.93,16.94,9000,37100,26100,16600,13100,35400,16.92
295,139,BRABEVACNOR1BR00,ABEV3,1620751005518195,16.91,16.9,16.89,16.92,16.93,16.94,9000,37100,26100,16700,13100,35400,16.92
296,139,BRABEVACNOR1BR00,ABEV3,1620751016646742,16.91,16.9,16.89,16.92,16.93,16.94,11300,36400,36100,15300,11900,28000,16.92
297,139,BRABEVACNOR1BR00,ABEV3,1620751016720430,16.91,16.9,16.89,16.92,16.93,16.94,11300,36400,36100,15200,11900,28000,16.92
298,139,BRABEVACNOR1BR00,ABEV3,1620751016721598,16.91,16.9,16.89,16.92,16.93,16.94,11300,36400,36100,15300,11900,28000,16.92
299,139,BRABEVACNOR1BR00,ABEV3,1620751024883142,16.91,16.9,16.89,16.92,16.93,16.94,13600,36400,26100,11600,11800,26800,16.92
300,139,BRABEVACNOR1BR00,ABEV3,1620751024933278,16.91,16.9,16.89,16.92,16.93,16.94,13500,36400,26100,11500,11800,26800,16.92
301,139,BRABEVACNOR1BR00,ABEV3,1620751024934478,16.91,16.9,16.89,16.92,16.93,16.94,13500,36400,26100,11600,11800,26800,16.92
302,139,BRABEVACNOR1BR00,ABEV3,1620751033556367,16.91,16.9,16.89,16.92,16.93,16.94,21600,38900,25900,4300,11600,20800,16.92
303,139,BRABEVACNOR1BR00,ABEV3,1620751033602918,16.91,16.9,16.89,16.92,16.93,16.94,21600,38900,25900,4200,11600,20800,16.92
304,139,BRABEVACNOR1BR00,ABEV3,1620751033604193,16.91,16.9,16.89,16.92,16.93,16.94,21600,38900,25900,4300,11600,20800,16.92
305,139,BRABEVACNOR1BR00,ABEV3,1620751036747034,16.91,16.9,16.89,16.92,16.93,16.94,21000,38900,25900,4200,10600,20800,16.92
306,139,BRABEVACNOR1BR00,ABEV3,1620751036901128,16.91,16.9,16.89,16.92,16.93,16.94,20900,38900,25900,4100,10600,20800,16.92
307,139,BRABEVACNOR1BR00,ABEV3,1620751036902376,16.91,16.9,16.89,16.92,16.93,16.94,20900,38900,25900,4200,10600,20800,16.92
308,139,BRABEVACNOR1BR00,ABEV3,1620751040527174,16.91,16.9,16.89,16.92,16.93,16.94,21000,38900,25900,2600,10600,20800,16.92
309,139,BRABEVACNOR1BR00,ABEV3,1620751040543219,16.91,16.9,16.89,16.92,16.93,16.94,21000,38900,25900,2700,10600,20800,16.92
310,139,BRABEVACNOR1BR00,ABEV3,1620751040544418,16.91,16.9,16.89,16.92,16.93,16.94,21000,38900,25900,2800,10600,20800,16.92
311,139,BRABEVACNOR1BR00,ABEV3,1620751043362500,16.91,16.9,16.89,16.93,16.94,16.95,21200,38900,25900,10600,20800,34000,16.92
312,139,BRABEVACNOR1BR00,ABEV3,1620751043362508,16.91,16.9,16.89,16.93,16.94,16.95,21200,38900,25900,10600,20800,34000,16.92
313,139,BRABEVACNOR1BR00,ABEV3,1620751043364440,16.91,16.9,16.89,16.93,16.94,16.95,21200,38900,25200,10600,20800,34000,16.92
314,139,BRABEVACNOR1BR00,ABEV3,1620751043364468,16.91,16.9,16.89,16.93,16.94,16.95,21200,38900,25200,10600,20800,34000,16.92
315,139,BRABEVACNOR1BR00,ABEV3,1620751043364525,16.91,16.9,16.89,16.93,16.94,16.95,21200,38900,25200,10200,20800,34000,16.92
316,139,BRABEVACNOR1BR00,ABEV3,1620751043364546,16.91,16.9,16.89,16.93,16.94,16.95,21200,38900,25200,10200,20800,34000,16.92
317,139,BRABEVACNOR1BR00,ABEV3,1620751043364688,16.91,16.9,16.89,16.93,16.94,16.95,21200,38900,25200,10200,18700,34000,16.92
318,139,BRABEVACNOR1BR00,ABEV3,1620751043364706,16.91,16.9,16.89,16.93,16.94,16.95,21200,38900,25200,10200,18700,34000,16.92
319,139,BRABEVACNOR1BR00,ABEV3,1620751043364740,16.91,16.9,16.89,16.93,16.94,16.95,21200,38900,25200,10200,18700,34000,16.92
320,139,BRABEVACNOR1BR00,ABEV3,1620751043364766,16.91,16.9,16.89,16.93,16.94,16.95,21200,38900,25200,10200,18700,34000,16.92
321,139,BRABEVACNOR1BR00,ABEV3,1620751043365009,16.91,16.9,16.89,16.93,16.94,16.95,21200,40400,25200,10200,18700,34000,16.92
322,139,BRABEVACNOR1BR00,ABEV3,1620751043365046,16.91,16.9,16.89,16.93,16.94,16.95,21200,40400,25200,10200,18700,34000,16.92
323,139,BRABEVACNOR1BR00,ABEV3,1620751043365157,16.91,16.9,16.89,16.93,16.94,16.95,24000,40400,25200,10200,18700,34000,16.92
324,139,BRABEVACNOR1BR00,ABEV3,1620751043365187,16.91,16.9,16.89,16.93,16.94,16.95,24000,40400,25200,10200,18700,34000,16.92
325,139,BRABEVACNOR1BR00,ABEV3,1620751043365251,16.92,16.91,16.9,16.93,16.94,16.95,800,24000,40400,10200,18700,34000,16.92
326,139,BRABEVACNOR1BR00,ABEV3,1620751043365276,16.92,16.91,16.9,16.93,16.94,16.95,800,24000,40400,10200,18700,34000,16.92
327,139,BRABEVACNOR1BR00,ABEV3,1620751043365498,16.92,16.91,16.9,16.93,16.94,16.95,800,24000,40500,10200,18700,34000,16.92
328,139,BRABEVACNOR1BR00,ABEV3,1620751043365519,16.92,16.91,16.9,16.93,16.94,16.95,800,24000,40500,10200,18700,34000,16.92
329,139,BRABEVACNOR1BR00,ABEV3,1620751043365554,16.92,16.91,16.9,16.93,16.94,16.95,1600,24000,40500,10200,18700,34000,16.92
330,139,BRABEVACNOR1BR00,ABEV3,1620751043365581,16.92,16.91,16.9,16.93,16.94,16.95,1600,24000,40500,10200,18700,34000,16.92
331,139,BRABEVACNOR1BR00,ABEV3,1620751043366092,16.92,16.91,16.9,16.93,16.94,16.95,1600,24000,45900,10200,18700,34000,16.92
332,139,BRABEVACNOR1BR00,ABEV3,1620751043366127,16.92,16.91,16.9,16.93,16.94,16.95,1600,24000,45900,10200,18700,34000,16.92
333,139,BRABEVACNOR1BR00,ABEV3,1620751043368128,16.92,16.91,16.9,16.93,16.94,16.95,1600,24000,45900,9900,18700,34000,16.93
334,139,BRABEVACNOR1BR00,ABEV3,1620751043368188,16.92,16.91,16.9,16.93,16.94,16.95,1600,24000,45900,9900,18700,34000,16.93
335,139,BRABEVACNOR1BR00,ABEV3,1620751043368802,16.92,16.91,16.9,16.93,16.94,16.95,1600,24000,45900,9900,18700,32500,16.93
336,139,BRABEVACNOR1BR00,ABEV3,1620751043368833,16.92,16.91,16.9,16.93,16.94,16.95,1600,24000,45900,9900,18700,32500,16.93
337,139,BRABEVACNOR1BR00,ABEV3,1620751043368844,16.92,16.91,16.9,16.93,16.94,16.95,1600,25500,45900,9900,18700,32500,16.93
338,139,BRABEVACNOR1BR00,ABEV3,1620751043368863,16.92,16.91,16.9,16.93,16.94,16.95,1600,25500,45900,9900,18700,32500,16.93
339,139,BRABEVACNOR1BR00,ABEV3,1620751043369072,16.92,16.91,16.9,16.93,16.94,16.95,1600,25500,45900,9900,18700,32500,16.93
340,139,BRABEVACNOR1BR00,ABEV3,1620751043369096,16.92,16.91,16.9,16.93,16.94,16.95,1600,25500,45900,9900,18700,32500,16.93
341,139,BRABEVACNOR1BR00,ABEV3,1620751043369481,16.92,16.91,16.9,16.93,16.94,16.95,2600,25500,45900,9900,18700,32500,16.93
342,139,BRABEVACNOR1BR00,ABEV3,1620751043369506,16.92,16.91,16.9,16.93,16.94,16.95,2600,25500,45900,9900,17200,32500,16.93
343,139,BRABEVACNOR1BR00,ABEV3,1620751043369676,16.92,16.91,16.9,16.93,16.94,16.95,2600,25500,45900,9900,17200,35200,16.93
344,139,BRABEVACNOR1BR00,ABEV3,1620751043369696,16.92,16.91,16.9,16.93,16.94,16.95,2600,25500,45900,9900,17200,35200,16.93
345,139,BRABEVACNOR1BR00,ABEV3,1620751043369750,16.92,16.91,16.9,16.93,16.94,16.95,2600,25500,45900,9900,14500,35200,16.93
346,139,BRABEVACNOR1BR00,ABEV3,1620751043369776,16.92,16.91,16.9,16.93,16.94,16.95,2600,25500,45900,9900,14500,35200,16.93
347,139,BRABEVACNOR1BR00,ABEV3,1620751043370011,16.92,16.91,16.9,16.93,16.94,16.95,2600,26300,45900,9900,14500,35200,16.93
348,139,BRABEVACNOR1BR00,ABEV3,1620751043370031,16.92,16.91,16.9,16.93,16.94,16.95,2600,26300,45900,9900,14500,35200,16.93
349,139,BRABEVACNOR1BR00,ABEV3,1620751043373664,16.92,16.91,16.9,16.93,16.94,16.95,2600,29600,42600,9900,14500,35200,16.93
350,139,BRABEVACNOR1BR00,ABEV3,1620751043373686,16.92,16.91,16.9,16.93,16.94,16.95,2600,29600,42600,9900,14500,35200,16.93
351,139,BRABEVACNOR1BR00,ABEV3,1620751043374478,16.92,16.91,16.9,16.93,16.94,16.95,2600,29600,42600,9800,14500,35200,16.93
352,139,BRABEVACNOR1BR00,ABEV3,1620751043374502,16.92,16.91,16.9,16.93,16.94,16.95,2600,29600,42600,9800,14500,35200,16.93
353,139,BRABEVACNOR1BR00,ABEV3,1620751043374994,16.92,16.91,16.9,16.93,16.94,16.95,2700,29500,42600,9800,14500,35200,16.93
354,139,BRABEVACNOR1BR00,ABEV3,1620751043375012,16.92,16.91,16.9,16.93,16.94,16.95,2700,29500,42600,9800,14500,35200,16.93
355,139,BRABEVACNOR1BR00,ABEV3,1620751043375110,16.92,16.91,16.9,16.93,16.94,16.95,2700,29500,42600,9800,14500,33800,16.93
356,139,BRABEVACNOR1BR00,ABEV3,1620751043375130,16.92,16.91,16.9,16.93,16.94,16.95,2700,29500,42600,9800,14500,33800,16.93
357,139,BRABEVACNOR1BR00,ABEV3,1620751043375542,16.92,16.91,16.9,16.93,16.94,16.95,2700,29500,42600,9800,14500,31000,16.93
358,139,BRABEVACNOR1BR00,ABEV3,1620751043375561,16.92,16.91,16.9,16.93,16.94,16.95,2700,29500,42600,9800,14500,31000,16.93
359,139,BRABEVACNOR1BR00,ABEV3,1620751043376331,16.92,16.91,16.9,16.93,16.94,16.95,2700,29500,42600,9800,14400,31000,16.93
360,139,BRABEVACNOR1BR00,ABEV3,1620751043376349,16.92,16.91,16.9,16.93,16.94,16.95,2700,29500,42600,9800,14400,31000,16.93
361,139,BRABEVACNOR1BR00,ABEV3,1620751043377321,16.92,16.91,16.9,16.93,16.94,16.95,7000,29500,42600,9800,14400,31000,16.93
362,139,BRABEVACNOR1BR00,ABEV3,1620751043377343,16.92,16.91,16.9,16.93,16.94,16.95,7000,29500,42600,9800,14400,31000,16.93
363,139,BRABEVACNOR1BR00,ABEV3,1620751043380441,16.92,16.91,16.9,16.93,16.94,16.95,8600,27900,42600,9800,14400,31000,16.93
364,139,BRABEVACNOR1BR00,ABEV3,1620751043380467,16.92,16.91,16.9,16.93,16.94,16.95,8600,27900,42600,9800,14400,31000,16.93
365,139,BRABEVACNOR1BR00,ABEV3,1620751043380489,16.92,16.91,16.9,16.93,16.94,16.95,9200,27300,42600,9800,14400,31000,16.93
366,139,BRABEVACNOR1BR00,ABEV3,1620751043380515,16.92,16.91,16.9,16.93,16.94,16.95,9200,27300,42600,9800,14400,31000,16.93
367,139,BRABEVACNOR1BR00,ABEV3,1620751043380897,16.92,16.91,16.9,16.93,16.94,16.95,9200,27300,42600,9400,14400,31000,16.93
368,139,BRABEVACNOR1BR00,ABEV3,1620751043380918,16.92,16.91,16.9,16.93,16.94,16.95,9200,27300,42600,9400,14400,31000,16.93
369,139,BRABEVACNOR1BR00,ABEV3,1620751043383877,16.92,16.91,16.9,16.93,16.94,16.95,9200,22700,42600,9400,14400,31000,16.93
370,139,BRABEVACNOR1BR00,ABEV3,1620751043383899,16.92,16.91,16.9,16.93,16.94,16.95,9200,22700,42600,9400,14400,31000,16.93
371,139,BRABEVACNOR1BR00,ABEV3,1620751043384219,16.92,16.91,16.9,16.93,16.94,16.95,9200,22700,42600,9400,14400,31000,16.93
372,139,BRABEVACNOR1BR00,ABEV3,1620751043384237,16.92,16.91,16.9,16.93,16.94,16.95,9200,22700,42600,9400,14400,31000,16.93
373,139,BRABEVACNOR1BR00,ABEV3,1620751043385096,16.92,16.91,16.9,16.93,16.94,16.95,9200,22800,42600,9400,14400,31000,16.93
374,139,BRABEVACNOR1BR00,ABEV3,1620751043385115,16.92,16.91,16.9,16.93,16.94,16.95,9200,22800,42600,9400,14400,31000,16.93
375,139,BRABEVACNOR1BR00,ABEV3,1620751043390028,16.92,16.91,16.9,16.93,16.94,16.95,9200,22800,42600,8300,14400,31000,16.93
376,139,BRABEVACNOR1BR00,ABEV3,1620751043390047,16.92,16.91,16.9,16.93,16.94,16.95,9200,22800,42600,8300,14400,31000,16.93
377,139,BRABEVACNOR1BR00,ABEV3,1620751043393179,16.92,16.91,16.9,16.93,16.94,16.95,7400,22800,42600,8300,14400,31000,16.92
378,139,BRABEVACNOR1BR00,ABEV3,1620751043393203,16.92,16.91,16.9,16.93,16.94,16.95,7400,22800,42600,8300,14400,31000,16.92
379,139,BRABEVACNOR1BR00,ABEV3,1620751043393990,16.92,16.91,16.9,16.93,16.94,16.95,3100,22800,42600,8300,14400,31000,16.92
380,139,BRABEVACNOR1BR00,ABEV3,1620751043394009,16.92,16.91,16.9,16.93,16.94,16.95,3100,22800,42600,8300,14400,31000,16.92
381,139,BRABEVACNOR1BR00,ABEV3,1620751043394457,16.91,16.9,16.89,16.93,16.94,16.95,22800,42600,26700,8300,14400,31000,16.92
382,139,BRABEVACNOR1BR00,ABEV3,1620751043394487,16.91,16.9,16.89,16.93,16.94,16.95,22800,42600,26700,8300,14400,31000,16.92
383,139,BRABEVACNOR1BR00,ABEV3,1620751043395012,16.91,16.9,16.89,16.93,16.94,16.95,22800,42600,26700,8300,14400,34300,16.92
384,139,BRABEVACNOR1BR00,ABEV3,1620751043395029,16.91,16.9,16.89,16.93,16.94,16.95,22800,42600,26700,8300,14400,34300,16.92
385,139,BRABEVACNOR1BR00,ABEV3,1620751043395441,16.91,16.9,16.89,16.93,16.94,16.95,22800,42600,26700,8300,15900,34300,16.92
386,139,BRABEVACNOR1BR00,ABEV3,1620751043395482,16.91,16.9,16.89,16.93,16.94,16.95,22800,42600,26700,8300,15900,34300,16.92
387,139,BRABEVACNOR1BR00,ABEV3,1620751043397607,16.92,16.91,16.9,16.93,16.94,16.95,800,22800,42600,8300,15900,34300,16.92
388,139,BRABEVACNOR1BR00,ABEV3,1620751043397625,16.92,16.91,16.9,16.93,16.94,16.95,800,22800,42600,8300,15900,34300,16.92
389,139,BRABEVACNOR1BR00,ABEV3,1620751043398313,16.92,16.91,16.9,16.93,16.94,16.95,800,21300,42600,8300,15900,34300,16.92
390,139,BRABEVACNOR1BR00,ABEV3,1620751043398330,16.92,16.91,16.9,16.93,16.94,16.95,800,21300,42600,8300,15900,34300,16.92
391,139,BRABEVACNOR1BR00,ABEV3,1620751043398507,16.92,16.91,16.9,16.93,16.94,16.95,800,21300,42600,9100,15900,34300,16.92
392,139,BRABEVACNOR1BR00,ABEV3,1620751043398523,16.92,16.91,16.9,16.93,16.94,16.95,800,21300,42600,9100,15900,34300,16.92
393,139,BRABEVACNOR1BR00,ABEV3,1620751043399414,16.92,16.91,16.9,16.93,16.94,16.95,800,18000,42600,9100,15900,34300,16.92
394,139,BRABEVACNOR1BR00,ABEV3,1620751043399438,16.92,16.91,16.9,16.93,16.94,16.95,800,18000,42600,9100,15900,34300,16.92
395,139,BRABEVACNOR1BR00,ABEV3,1620751043406993,16.92,16.91,16.9,16.93,16.94,16.95,800,18000,45900,9100,15900,34300,16.92
396,139,BRABEVACNOR1BR00,ABEV3,1620751043407022,16.92,16.91,16.9,16.93,16.94,16.95,800,18000,45900,9100,15900,34300,16.92
397,139,BRABEVACNOR1BR00,ABEV3,1620751043443633,16.92,16.91,16.9,16.93,16.94,16.95,5700,18000,45900,9100,15900,34300,16.92
398,139,BRABEVACNOR1BR00,ABEV3,1620751043443661,16.92,16.91,16.9,16.93,16.94,16.95,5700,18000,45900,9100,15900,34300,16.92
399,139,BRABEVACNOR1BR00,ABEV3,1620751043466897,16.92,16.91,16.9,16.93,16.94,16.95,5700,18000,45900,9100,16000,34300,16.92
400,139,BRABEVACNOR1BR00,ABEV3,1620751043466922,16.92,16.91,16.9,16.93,16.94,16.95,5700,18000,45900,9100,16000,34300,16.92
401,139,BRABEVACNOR1BR00,ABEV3,1620751043477579,16.92,16.91,16.9,16.93,16.94,16.95,5700,18000,45900,9000,16000,34300,16.93
402,139,BRABEVACNOR1BR00,ABEV3,1620751043477606,16.92,16.91,16.9,16.93,16.94,16.95,5700,18000,45900,9000,16000,34300,16.93
403,139,BRABEVACNOR1BR00,ABEV3,1620751043478438,16.92,16.91,16.9,16.93,16.94,16.95,5700,21300,42600,9000,16000,34300,16.93
404,139,BRABEVACNOR1BR00,ABEV3,1620751043478461,16.92,16.91,16.9,16.93,16.94,16.95,5700,21300,42600,9000,16000,34300,16.93
405,139,BRABEVACNOR1BR00,ABEV3,1620751043482480,16.92,16.91,16.9,16.93,16.94,16.95,5700,21300,42600,6000,16000,34300,16.93
406,139,BRABEVACNOR1BR00,ABEV3,1620751043482501,16.92,16.91,16.9,16.93,16.94,16.95,5700,21300,42600,6000,16000,34300,16.93
407,139,BRABEVACNOR1BR00,ABEV3,1620751043483359,16.92,16.91,16.9,16.93,16.94,16.95,6500,21300,42600,6000,16000,34300,16.93
408,139,BRABEVACNOR1BR00,ABEV3,1620751043483378,16.92,16.91,16.9,16.93,16.94,16.95,6500,21300,42600,6000,16000,34300,16.93
409,139,BRABEVACNOR1BR00,ABEV3,1620751043492402,16.92,16.91,16.9,16.93,16.94,16.95,6500,21300,42600,6700,16000,34300,16.93
410,139,BRABEVACNOR1BR00,ABEV3,1620751043492424,16.92,16.91,16.9,16.93,16.94,16.95,6500,21300,42600,6700,16000,34300,16.93
411,139,BRABEVACNOR1BR00,ABEV3,1620751043498994,16.92,16.91,16.9,16.93,16.94,16.95,6500,21400,42600,6700,16000,34300,16.93
412,139,BRABEVACNOR1BR00,ABEV3,1620751043499016,16.92,16.91,16.9,16.93,16.94,16.95,6500,21400,42600,6700,16000,34300,16.93
413,139,BRABEVACNOR1BR00,ABEV3,1620751043499764,16.92,16.91,16.9,16.93,16.94,16.95,6500,21400,42600,6700,14500,34300,16.93
414,139,BRABEVACNOR1BR00,ABEV3,1620751043499783,16.92,16.91,16.9,16.93,16.94,16.95,6500,21400,42600,6700,14500,34300,16.93
415,139,BRABEVACNOR1BR00,ABEV3,1620751043500963,16.92,16.91,16.9,16.93,16.94,16.95,6500,21400,42600,6600,14500,34300,16.93
416,139,BRABEVACNOR1BR00,ABEV3,1620751043500991,16.92,16.91,16.9,16.93,16.94,16.95,6500,21400,42600,6600,14500,34300,16.93
417,139,BRABEVACNOR1BR00,ABEV3,1620751043557375,16.92,16.91,16.9,16.93,16.94,16.95,6500,21400,42600,6500,14500,34300,16.93
418,139,BRABEVACNOR1BR00,ABEV3,1620751043557393,16.92,16.91,16.9,16.93,16.94,16.95,6500,21400,42600,6500,14500,34300,16.93
419,139,BRABEVACNOR1BR00,ABEV3,1620751043563880,16.92,16.91,16.9,16.93,16.94,16.95,6500,21400,42600,6700,14500,34300,16.93
420,139,BRABEVACNOR1BR00,ABEV3,1620751043563898,16.92,16.91,16.9,16.93,16.94,16.95,6500,21400,42600,6700,14500,34300,16.93
421,139,BRABEVACNOR1BR00,ABEV3,1620751043601112,16.92,16.91,16.9,16.93,16.94,16.95,6500,21400,42600,6600,14500,34300,16.93
422,139,BRABEVACNOR1BR00,ABEV3,1620751043601131,16.92,16.91,16.9,16.93,16.94,16.95,6500,21400,42600,6600,14500,34300,16.93
423,139,BRABEVACNOR1BR00,ABEV3,1620751043607459,16.92,16.91,16.9,16.93,16.94,16.95,6500,21400,42600,6900,14500,34300,16.93
424,139,BRABEVACNOR1BR00,ABEV3,1620751043607477,16.92,16.91,16.9,16.93,16.94,16.95,6500,21400,42600,6900,14500,34300,16.93
425,139,BRABEVACNOR1BR00,ABEV3,1620751043619772,16.92,16.91,16.9,16.93,16.94,16.95,6500,21400,42600,6800,14500,34300,16.93
426,139,BRABEVACNOR1BR00,ABEV3,1620751043619791,16.92,16.91,16.9,16.93,16.94,16.95,6500,21400,42600,6800,14500,34300,16.93
427,139,BRABEVACNOR1BR00,ABEV3,1620751043626213,16.92,16.91,16.9,16.93,16.94,16.95,7000,20900,42600,6800,14500,34300,16.93
428,139,BRABEVACNOR1BR00,ABEV3,1620751043626234,16.92,16.91,16.9,16.93,16.94,16.95,7000,20900,42600,6800,14500,34300,16.93
429,139,BRABEVACNOR1BR00,ABEV3,1620751043750722,16.92,16.91,16.9,16.93,16.94,16.95,7000,20900,42600,6700,14500,34300,16.93
430,139,BRABEVACNOR1BR00,ABEV3,1620751043751908,16.92,16.91,16.9,16.93,16.94,16.95,7000,20900,42600,6800,14500,34300,16.93
431,139,BRABEVACNOR1BR00,ABEV3,1620751045155324,16.92,16.91,16.9,16.94,16.95,16.96,13200,26700,45300,14500,28700,60100,16.93
432,139,BRABEVACNOR1BR00,ABEV3,1620751045155543,16.92,16.91,16.9,16.94,16.95,16.96,13200,26700,45300,14500,28700,60100,16.93
433,139,BRABEVACNOR1BR00,ABEV3,1620751045156193,16.92,16.91,16.9,16.94,16.95,16.96,13200,26700,45300,14400,28700,60100,16.93
434,139,BRABEVACNOR1BR00,ABEV3,1620751045158435,16.92,16.91,16.9,16.94,16.95,16.96,16000,26700,45400,15200,32100,56700,16.93
435,139,BRABEVACNOR1BR00,ABEV3,1620751045301905,16.92,16.91,16.9,16.93,16.94,16.95,12600,26800,45400,1400,15200,26800,16.93
436,139,BRABEVACNOR1BR00,ABEV3,1620751045303378,16.92,16.91,16.9,16.93,16.94,16.95,11800,26700,45400,1500,14300,26800,16.93
437,139,BRABEVACNOR1BR00,ABEV3,1620751045931922,16.92,16.91,16.9,16.93,16.94,16.95,9600,20900,45400,10000,14300,27200,16.93
438,139,BRABEVACNOR1BR00,ABEV3,1620751046098969,16.92,16.91,16.9,16.93,16.94,16.95,9600,20900,45400,9900,14300,27200,16.93
439,139,BRABEVACNOR1BR00,ABEV3,1620751046100799,16.92,16.91,16.9,16.93,16.94,16.95,9600,20900,45400,10000,14300,27200,16.93
440,139,BRABEVACNOR1BR00,ABEV3,1620751056181489,16.91,16.9,16.89,16.92,16.93,16.94,17800,47900,29400,4000,16100,18400,16.92
441,139,BRABEVACNOR1BR00,ABEV3,1620751056183653,16.91,16.9,16.89,16.92,16.93,16.94,10600,43300,29400,4100,16700,23400,16.92
442,139,BRABEVACNOR1BR00,ABEV3,1620751056251280,16.91,16.9,16.89,16.92,16.93,16.94,10600,43200,32800,100,15300,23100,16.92
443,139,BRABEVACNOR1BR00,ABEV3,1620751056252437,16.91,16.9,16.89,16.92,16.93,16.94,10600,43200,32800,4900,11900,23100,16.92
444,139,BRABEVACNOR1BR00,ABEV3,1620751056252477,16.91,16.9,16.89,16.92,16.93,16.94,10600,43200,32800,1900,11900,23100,16.92
445,139,BRABEVACNOR1BR00,ABEV3,1620751056253645,16.91,16.9,16.89,16.92,16.93,16.94,12500,43200,32800,2000,11800,26600,16.92
446,139,BRABEVACNOR1BR00,ABEV3,1620751056278523,16.91,16.9,16.89,16.92,16.93,16.94,12600,46600,29400,100,11800,26600,16.92
447,139,BRABEVACNOR1BR00,ABEV3,1620751056279763,16.91,16.9,16.89,16.93,16.94,16.95,12600,46600,29400,11900,26600,37900,16.92
448,139,BRABEVACNOR1BR00,ABEV3,1620751064343360,16.92,16.91,16.9,16.93,16.94,16.95,32300,21900,21900,3400,17300,29200,16.93
449,139,BRABEVACNOR1BR00,ABEV3,1620751064350749,16.92,16.91,16.9,16.93,16.94,16.95,32200,21900,21900,3300,17300,29200,16.93
450,139,BRABEVACNOR1BR00,ABEV3,1620751064353323,16.92,16.91,16.9,16.93,16.94,16.95,32200,21900,21900,3400,17300,29200,16.93
451,139,BRABEVACNOR1BR00,ABEV3,1620751069165121,16.92,16.91,16.9,16.93,16.94,16.95,32200,20000,21900,3000,14300,26200,16.93
452,139,BRABEVACNOR1BR00,ABEV3,1620751069421402,16.92,16.91,16.9,16.93,16.94,16.95,32200,20000,21900,2900,14300,26200,16.93
453,139,BRABEVACNOR1BR00,ABEV3,1620751069422630,16.92,16.91,16.9,16.93,16.94,16.95,32200,20000,21900,3000,14300,26200,16.93
454,139,BRABEVACNOR1BR00,ABEV3,1620751072672413,16.92,16.91,16.9,16.93,16.94,16.95,32300,25400,21900,2700,14400,26200,16.93
455,139,BRABEVACNOR1BR00,ABEV3,1620751072789016,16.92,16.91,16.9,16.93,16.94,16.95,32300,25400,21900,2700,14400,26200,16.93
456,139,BRABEVACNOR1BR00,ABEV3,1620751072790339,16.92,16.91,16.9,16.93,16.94,16.95,32300,25400,21900,2800,14400,26200,16.93
457,139,BRABEVACNOR1BR00,ABEV3,1620751073402124,16.93,16.92,16.91,16.94,16.95,16.96,800,32900,25400,14400,26200,30200,16.93
458,139,BRABEVACNOR1BR00,ABEV3,1620751073402308,16.93,16.92,16.91,16.94,16.95,16.96,1600,32900,25400,14400,26200,30200,16.93
459,139,BRABEVACNOR1BR00,ABEV3,1620751073402966,16.93,16.92,16.91,16.94,16.95,16.96,1600,32900,25400,14300,26200,30200,16.93
460,139,BRABEVACNOR1BR00,ABEV3,1620751073405297,16.93,16.92,16.91,16.94,16.95,16.96,1600,39500,22100,11900,23500,29500,16.93
461,139,BRABEVACNOR1BR00,ABEV3,1620751074758524,16.92,16.91,16.9,16.93,16.94,16.95,38200,24600,23400,4500,11800,23400,16.93
462,139,BRABEVACNOR1BR00,ABEV3,1620751074760502,16.92,16.91,16.9,16.93,16.94,16.95,33800,24600,23400,4600,13200,28300,16.93
463,139,BRABEVACNOR1BR00,ABEV3,1620751074842928,16.92,16.91,16.9,16.93,16.94,16.95,31500,24500,26800,100,11700,28300,16.93
464,139,BRABEVACNOR1BR00,ABEV3,1620751074842948,16.92,16.91,16.9,16.93,16.94,16.95,31500,24500,26800,100,11700,28300,16.93
465,139,BRABEVACNOR1BR00,ABEV3,1620751074844512,16.92,16.91,16.9,16.94,16.95,16.96,31500,27800,23400,11700,28300,32900,16.93
466,139,BRABEVACNOR1BR00,ABEV3,1620751074845349,16.92,16.91,16.9,16.94,16.95,16.96,31500,27800,23400,13200,28300,32900,16.93
467,139,BRABEVACNOR1BR00,ABEV3,1620751074845373,16.92,16.91,16.9,16.94,16.95,16.96,31500,27800,23400,13200,28300,32900,16.93
468,139,BRABEVACNOR1BR00,ABEV3,1620751074845415,16.92,16.91,16.9,16.94,16.95,16.96,31500,27800,23400,13200,28400,32900,16.93
469,139,BRABEVACNOR1BR00,ABEV3,1620751074845440,16.92,16.91,16.9,16.94,16.95,16.96,31500,27800,23400,13200,28400,32900,16.93
470,139,BRABEVACNOR1BR00,ABEV3,1620751074858297,16.93,16.92,16.91,16.94,16.95,16.96,100,31500,27800,13200,28400,32900,16.93
471,139,BRABEVACNOR1BR00,ABEV3,1620751074858318,16.93,16.92,16.91,16.94,16.95,16.96,100,31500,27800,13200,28400,32900,16.93
472,139,BRABEVACNOR1BR00,ABEV3,1620751074859247,16.93,16.92,16.91,16.94,16.95,16.96,100,32300,27800,13200,28400,32900,16.93
473,139,BRABEVACNOR1BR00,ABEV3,1620751074859266,16.93,16.92,16.91,16.94,16.95,16.96,100,32300,27800,13200,28400,32900,16.93
474,139,BRABEVACNOR1BR00,ABEV3,1620751074860334,16.93,16.92,16.91,16.94,16.95,16.96,100,32300,27900,13200,28400,32900,16.93
475,139,BRABEVACNOR1BR00,ABEV3,1620751074860357,16.93,16.92,16.91,16.94,16.95,16.96,100,32300,27900,13200,28400,32900,16.93
476,139,BRABEVACNOR1BR00,ABEV3,1620751074862035,16.93,16.92,16.91,16.94,16.95,16.96,100,32300,29400,13200,28400,32900,16.93
477,139,BRABEVACNOR1BR00,ABEV3,1620751074862055,16.93,16.92,16.91,16.94,16.95,16.96,100,32300,29400,13200,28400,32900,16.93
478,139,BRABEVACNOR1BR00,ABEV3,1620751074899477,16.92,16.91,16.9,16.93,16.94,16.95,32300,29400,23400,1300,13200,28400,16.93
479,139,BRABEVACNOR1BR00,ABEV3,1620751074899507,16.92,16.91,16.9,16.93,16.94,16.95,32300,29400,23400,1300,13200,28400,16.93
480,139,BRABEVACNOR1BR00,ABEV3,1620751074900194,16.92,16.91,16.9,16.93,16.94,16.95,32300,29400,23400,1300,11700,28400,16.93
481,139,BRABEVACNOR1BR00,ABEV3,1620751074900213,16.92,16.91,16.9,16.93,16.94,16.95,32300,29400,23400,1300,11700,28400,16.93
482,139,BRABEVACNOR1BR00,ABEV3,1620751074921035,16.92,16.91,16.9,16.93,16.94,16.95,32300,29400,23400,1200,11700,28400,16.93
483,139,BRABEVACNOR1BR00,ABEV3,1620751074921059,16.92,16.91,16.9,16.93,16.94,16.95,32300,29400,23400,1200,11700,28400,16.93
484,139,BRABEVACNOR1BR00,ABEV3,1620751074976091,16.92,16.91,16.9,16.93,16.94,16.95,32300,29400,23400,1100,11700,28400,16.93
485,139,BRABEVACNOR1BR00,ABEV3,1620751074977501,16.92,16.91,16.9,16.93,16.94,16.95,32300,27900,23400,1200,11700,28400,16.93
486,139,BRABEVACNOR1BR00,ABEV3,1620751075767675,16.92,16.91,16.9,16.93,16.94,16.95,32300,27900,23400,200,12900,25000,16.93
487,139,BRABEVACNOR1BR00,ABEV3,1620751075789086,16.92,16.91,16.9,16.93,16.94,16.95,32400,27900,23400,200,12900,25000,16.93
488,139,BRABEVACNOR1BR00,ABEV3,1620751075790237,16.92,16.91,16.9,16.93,16.94,16.95,32400,27900,23400,300,12900,25000,16.93
489,139,BRABEVACNOR1BR00,ABEV3,1620751076226718,16.92,16.91,16.9,16.93,16.94,16.95,32300,27900,23400,200,12900,25000,16.93
490,139,BRABEVACNOR1BR00,ABEV3,1620751076287544,16.92,16.91,16.9,16.93,16.94,16.95,32400,27900,23400,200,12900,25000,16.93
491,139,BRABEVACNOR1BR00,ABEV3,1620751076288713,16.92,16.91,16.9,16.93,16.94,16.95,32400,27900,23400,300,12900,25000,16.93
492,139,BRABEVACNOR1BR00,ABEV3,1620751076661781,16.92,16.91,16.9,16.93,16.94,16.95,32300,27900,23400,100,12900,25000,16.93
493,139,BRABEVACNOR1BR00,ABEV3,1620751076662979,16.92,16.91,16.9,16.94,16.95,16.96,32300,27900,23400,13000,25000,46200,16.93
494,139,BRABEVACNOR1BR00,ABEV3,1620751076998960,16.92,16.91,16.9,16.93,16.94,16.95,32400,28000,23400,1100,13400,28400,16.93
495,139,BRABEVACNOR1BR00,ABEV3,1620751077000198,16.92,16.91,16.9,16.93,16.94,16.95,32400,27900,23400,1100,11900,28400,16.93
496,139,BRABEVACNOR1BR00,ABEV3,1620751077252146,16.92,16.91,16.9,16.94,16.95,16.96,32400,27900,23400,10800,28400,42900,16.94
497,139,BRABEVACNOR1BR00,ABEV3,1620751077252289,16.92,16.91,16.9,16.94,16.95,16.96,32400,27900,23400,10800,28400,42900,16.94
498,139,BRABEVACNOR1BR00,ABEV3,1620751077252840,16.92,16.91,16.9,16.94,16.95,16.96,32400,27900,23400,10800,26900,42900,16.94
499,139,BRABEVACNOR1BR00,ABEV3,1620751077254001,16.92,16.91,16.9,16.94,16.95,16.96,32400,29400,23400,10900,23500,42900,16.94
500,139,BRABEVACNOR1BR00,ABEV3,1620751077288409,16.92,16.91,16.9,16.93,16.94,16.95,32400,29400,23400,4000,14000,27000,16.93
501,139,BRABEVACNOR1BR00,ABEV3,1620751077290672,16.92,16.91,16.9,16.93,16.94,16.95,31600,24000,23400,4100,12400,26900,16.93
502,139,BRABEVACNOR1BR00,ABEV3,1620751077392663,16.92,16.91,16.9,16.93,16.94,16.95,31600,24000,23400,100,12400,26900,16.93
503,139,BRABEVACNOR1BR00,ABEV3,1620751077393939,16.92,16.91,16.9,16.94,16.95,16.96,31600,22500,23400,12500,26900,42900,16.93
504,139,BRABEVACNOR1BR00,ABEV3,1620751092510979,16.93,16.92,16.91,16.94,16.95,16.96,7900,33500,26000,17200,26400,36400,16.94
505,139,BRABEVACNOR1BR00,ABEV3,1620751092511691,16.93,16.92,16.91,16.94,16.95,16.96,7900,33500,26000,17200,26400,36500,16.94
506,139,BRABEVACNOR1BR00,ABEV3,1620751092512814,16.93,16.92,16.91,16.94,16.95,16.96,7900,33500,26000,17300,26400,36500,16.94
507,139,BRABEVACNOR1BR00,ABEV3,1620751100818340,16.93,16.92,16.91,16.94,16.95,16.96,13600,33800,22200,8700,26400,32200,16.94
508,439,BRALPAACNPR7BR00,ALPA4,1620750928219200,45.73,45.72,45.71,45.75,45.77,45.78,6400,400,3800,1300,300,500,45.75
509,439,BRALPAACNPR7BR00,ALPA4,1620750928219222,45.73,45.72,45.71,45.75,45.77,45.78,6400,400,3800,1300,300,500,45.75
510,439,BRALPAACNPR7BR00,ALPA4,1620750930309397,45.73,45.72,45.71,45.75,45.77,45.78,6400,500,3800,1300,300,500,45.75
511,439,BRALPAACNPR7BR00,ALPA4,1620750930309420,45.73,45.72,45.71,45.75,45.77,45.78,6400,500,3800,1300,300,500,45.75
512,439,BRALPAACNPR7BR00,ALPA4,1620750930612791,45.73,45.72,45.71,45.75,45.77,45.78,6400,400,3800,1300,300,500,45.75
513,439,BRALPAACNPR7BR00,ALPA4,1620750930612810,45.73,45.72,45.71,45.75,45.77,45.78,6400,400,3800,1300,300,500,45.75
514,439,BRALPAACNPR7BR00,ALPA4,1620750930764985,45.73,45.72,45.71,45.75,45.77,45.78,6500,400,3800,1300,300,500,45.75
515,439,BRALPAACNPR7BR00,ALPA4,1620750930765004,45.73,45.72,45.71,45.75,45.77,45.78,6500,400,3800,1300,300,500,45.75
516,439,BRALPAACNPR7BR00,ALPA4,1620750933154596,45.73,45.72,45.71,45.75,45.77,45.78,6500,400,3800,1300,400,500,45.75
517,439,BRALPAACNPR7BR00,ALPA4,1620750933155809,45.73,45.72,45.71,45.75,45.77,45.78,6600,400,3800,1300,400,500,45.75
518,439,BRALPAACNPR7BR00,ALPA4,1620750937864074,45.74,45.73,45.72,45.75,45.77,45.78,100,6600,400,1300,400,500,45.75
519,439,BRALPAACNPR7BR00,ALPA4,1620750937865302,45.74,45.73,45.72,45.75,45.77,45.78,200,4300,400,1300,400,500,45.75
520,439,BRALPAACNPR7BR00,ALPA4,1620750942432185,45.75,45.74,45.73,45.76,45.77,45.78,700,5900,1300,200,100,400,45.75
521,439,BRALPAACNPR7BR00,ALPA4,1620750942434103,45.75,45.74,45.73,45.77,45.78,45.79,800,3600,1300,100,300,700,45.76
522,439,BRALPAACNPR7BR00,ALPA4,1620750960034717,45.75,45.74,45.73,45.79,45.8,45.81,5500,400,1400,1900,300,500,45.75
523,439,BRALPAACNPR7BR00,ALPA4,1620750960035335,45.75,45.74,45.73,45.79,45.8,45.81,5500,400,1300,1900,300,500,45.75
524,439,BRALPAACNPR7BR00,ALPA4,1620750960036604,45.75,45.74,45.73,45.78,45.79,45.8,4300,400,1300,300,2100,300,45.75
525,439,BRALPAACNPR7BR00,ALPA4,1620750963207042,45.74,45.73,45.72,45.77,45.78,45.79,400,1300,200,1400,1500,800,45.75
526,439,BRALPAACNPR7BR00,ALPA4,1620750963207296,45.74,45.73,45.72,45.77,45.78,45.79,400,1300,200,1400,1500,800,45.75
527,439,BRALPAACNPR7BR00,ALPA4,1620750963208038,45.74,45.73,45.72,45.76,45.77,45.78,400,1300,200,300,1400,1500,45.75
528,439,BRALPAACNPR7BR00,ALPA4,1620750963209290,45.74,45.73,45.72,45.76,45.77,45.78,300,1300,200,400,1600,1500,45.74
529,439,BRALPAACNPR7BR00,ALPA4,1620750963209621,45.74,45.73,45.72,45.76,45.77,45.78,100,1300,200,400,1600,1500,45.74
530,439,BRALPAACNPR7BR00,ALPA4,1620750963210832,45.74,45.73,45.72,45.76,45.77,45.78,100,1400,200,300,1600,1500,45.74
531,439,BRALPAACNPR7BR00,ALPA4,1620750963211074,45.74,45.73,45.72,45.76,45.77,45.78,100,1400,200,300,1500,1500,45.74
532,439,BRALPAACNPR7BR00,ALPA4,1620750963212146,45.74,45.73,45.72,45.76,45.77,45.78,200,1300,200,300,1600,1500,45.74
533,439,BRALPAACNPR7BR00,ALPA4,1620750964265983,45.73,45.72,45.71,45.76,45.77,45.78,1300,200,2200,3000,300,900,45.74
534,439,BRALPAACNPR7BR00,ALPA4,1620750964266261,45.73,45.72,45.71,45.76,45.77,45.78,1300,200,2200,3000,300,900,45.74
535,439,BRALPAACNPR7BR00,ALPA4,1620750964266952,45.73,45.72,45.71,45.76,45.77,45.78,1300,200,2000,3000,300,900,45.74
536,439,BRALPAACNPR7BR00,ALPA4,1620750964268130,45.73,45.72,45.71,45.75,45.76,45.77,1400,200,2000,100,2800,300,45.74
537,439,BRALPAACNPR7BR00,ALPA4,1620750965212298,45.72,45.71,45.7,45.75,45.76,45.77,100,2000,700,2200,900,300,45.73
538,439,BRALPAACNPR7BR00,ALPA4,1620750965212570,45.72,45.71,45.7,45.75,45.76,45.77,100,2000,700,2300,900,300,45.73
539,439,BRALPAACNPR7BR00,ALPA4,1620750965212690,45.72,45.71,45.7,45.75,45.76,45.77,100,2000,700,2300,900,300,45.73
540,439,BRALPAACNPR7BR00,ALPA4,1620750965214016,45.72,45.7,45.69,45.74,45.75,45.76,100,400,400,400,2400,900,45.71
541,439,BRALPAACNPR7BR00,ALPA4,1620750965214271,45.72,45.7,45.69,45.74,45.75,45.76,100,400,300,400,2400,900,45.71
542,439,BRALPAACNPR7BR00,ALPA4,1620750965215293,45.7,45.69,45.68,45.74,45.75,45.76,400,100,100,600,2700,1000,45.72
543,439,BRALPAACNPR7BR00,ALPA4,1620750965215527,45.7,45.69,45.68,45.74,45.75,45.76,400,100,100,600,2700,1000,45.72
544,439,BRALPAACNPR7BR00,ALPA4,1620750965217234,45.7,45.69,45.68,45.73,45.74,45.75,500,400,400,300,500,2600,45.72
545,439,BRALPAACNPR7BR00,ALPA4,1620750965716549,45.69,45.68,45.67,45.74,45.75,45.76,400,500,700,500,300,1000,45.7
546,439,BRALPAACNPR7BR00,ALPA4,1620750965716631,45.69,45.68,45.67,45.74,45.75,45.76,400,500,700,500,300,1000,45.7
547,439,BRALPAACNPR7BR00,ALPA4,1620750965717854,45.69,45.68,45.67,45.74,45.75,45.76,400,500,700,500,300,1000,45.7
548,439,BRALPAACNPR7BR00,ALPA4,1620750965719642,45.69,45.68,45.67,45.74,45.75,45.76,200,200,700,900,300,1000,45.7
549,439,BRALPAACNPR7BR00,ALPA4,1620750966223517,45.68,45.67,45.66,45.73,45.74,45.75,400,800,1500,800,400,600,45.69
550,439,BRALPAACNPR7BR00,ALPA4,1620750966223617,45.68,45.67,45.66,45.73,45.74,45.75,400,800,1500,800,400,600,45.69
551,439,BRALPAACNPR7BR00,ALPA4,1620750966224227,45.68,45.67,45.66,45.73,45.74,45.75,400,800,1400,800,400,600,45.69
552,439,BRALPAACNPR7BR00,ALPA4,1620750966225452,45.68,45.67,45.66,45.72,45.73,45.74,200,700,600,300,600,400,45.69
553,439,BRALPAACNPR7BR00,ALPA4,1620751002785086,45.67,45.66,45.65,45.7,45.71,45.72,400,700,700,2700,1200,500,45.68
554,439,BRALPAACNPR7BR00,ALPA4,1620751002785091,45.67,45.66,45.65,45.7,45.71,45.72,400,700,700,2700,1200,500,45.68
555,439,BRALPAACNPR7BR00,ALPA4,1620751002785931,45.67,45.66,45.65,45.7,45.71,45.72,100,700,700,2700,1200,500,45.68
556,439,BRALPAACNPR7BR00,ALPA4,1620751002787211,45.67,45.66,45.65,45.69,45.7,45.71,200,400,700,400,2700,1200,45.68
557,439,BRALPAACNPR7BR00,ALPA4,1620751002793690,45.68,45.67,45.66,45.71,45.72,45.73,300,600,2000,1200,400,200,45.7
558,439,BRALPAACNPR7BR00,ALPA4,1620751002794906,45.68,45.67,45.66,45.71,45.72,45.73,700,500,2000,1100,400,300,45.7
559,439,BRALPAACNPR7BR00,ALPA4,1620751029900403,45.68,45.67,45.66,45.71,45.72,45.73,700,400,1200,1600,300,200,45.7
560,439,BRALPAACNPR7BR00,ALPA4,1620751029900454,45.67,45.66,45.65,45.71,45.72,45.73,400,1200,800,1600,300,200,45.68
561,439,BRALPAACNPR7BR00,ALPA4,1620751029901775,45.67,45.66,45.65,45.7,45.71,45.72,500,1200,500,300,1600,300,45.68
562,439,BRALPAACNPR7BR00,ALPA4,1620751052018636,45.68,45.67,45.66,45.71,45.72,45.73,300,1100,800,900,200,200,45.7
563,439,BRALPAACNPR7BR00,ALPA4,1620751052020028,45.68,45.67,45.66,45.73,45.74,45.75,700,1000,800,200,700,200,45.71
564,439,BRALPAACNPR7BR00,ALPA4,1620751052020313,45.69,45.68,45.67,45.73,45.74,45.75,100,800,1000,200,600,200,45.71
565,439,BRALPAACNPR7BR00,ALPA4,1620751052020340,45.69,45.68,45.67,45.73,45.74,45.75,100,800,1000,200,600,200,45.71
566,439,BRALPAACNPR7BR00,ALPA4,1620751052111444,45.7,45.69,45.68,45.74,45.75,45.76,300,600,900,400,100,200,45.71
567,439,BRALPAACNPR7BR00,ALPA4,1620751052112691,45.71,45.7,45.69,45.74,45.75,45.76,100,300,600,400,100,100,45.71
568,439,BRALPAACNPR7BR00,ALPA4,1620751052112829,45.71,45.7,45.69,45.74,45.75,45.76,100,500,600,400,100,100,45.71
569,439,BRALPAACNPR7BR00,ALPA4,1620751052114002,45.71,45.7,45.69,45.74,45.75,45.76,300,700,600,300,100,100,45.71
570,439,BRALPAACNPR7BR00,ALPA4,1620751065905666,45.72,45.71,45.7,45.74,45.75,45.76,100,700,1600,1100,100,100,45.71
571,439,BRALPAACNPR7BR00,ALPA4,1620751065907074,45.73,45.72,45.71,45.74,45.75,45.76,100,400,700,1100,100,100,45.71
572,439,BRALPAACNPR7BR00,ALPA4,1620751067231573,45.73,45.72,45.71,45.74,45.75,45.76,100,700,800,1100,100,100,45.71
573,439,BRALPAACNPR7BR00,ALPA4,1620751067232858,45.73,45.72,45.71,45.74,45.75,45.76,200,600,800,1100,100,100,45.71
574,439,BRALPAACNPR7BR00,ALPA4,1620751103205200,45.74,45.73,45.72,45.77,45.78,45.79,100,800,500,400,1400,400,45.74
575,439,BRALPAACNPR7BR00,ALPA4,1620751103206586,45.75,45.74,45.73,45.77,45.78,45.79,100,100,700,400,1000,400,45.74
576,439,BRALPAACNPR7BR00,ALPA4,1620751103206728,45.75,45.74,45.73,45.77,45.78,45.79,100,100,700,400,900,400,45.74
577,439,BRALPAACNPR7BR00,ALPA4,1620751103207941,45.75,45.74,45.73,45.77,45.78,45.79,200,100,700,400,800,400,45.74
578,439,BRALPAACNPR7BR00,ALPA4,1620751103211576,45.76,45.75,45.74,45.77,45.78,45.79,100,400,500,400,800,300,45.74
579,439,BRALPAACNPR7BR00,ALPA4,1620751103212732,45.76,45.75,45.74,45.77,45.78,45.79,200,300,500,400,800,300,45.74
580,439,BRALPAACNPR7BR00,ALPA4,1620751103224533,45.76,45.75,45.74,45.77,45.78,45.79,100,200,500,400,800,300,45.74
581,439,BRALPAACNPR7BR00,ALPA4,1620751103225653,45.75,45.74,45.73,45.77,45.78,45.79,300,200,700,400,800,300,45.74
582,439,BRALPAACNPR7BR00,ALPA4,1620751103313453,45.76,45.75,45.74,45.77,45.78,45.79,100,300,300,300,800,300,45.74
583,439,BRALPAACNPR7BR00,ALPA4,1620751103314733,45.76,45.75,45.74,45.77,45.78,45.79,200,200,300,300,800,300,45.74
584,439,BRALPAACNPR7BR00,ALPA4,1620751103315861,45.76,45.75,45.74,45.77,45.78,45.79,100,200,300,300,800,300,45.74
585,439,BRALPAACNPR7BR00,ALPA4,1620751103316932,45.75,45.74,45.73,45.77,45.78,45.79,300,300,700,300,800,300,45.74
586,439,BRALPAACNPR7BR00,ALPA4,1620751103317868,45.76,45.75,45.74,45.77,45.78,45.79,100,300,300,300,800,300,45.74
587,439,BRALPAACNPR7BR00,ALPA4,1620751103318926,45.76,45.75,45.74,45.77,45.78,45.79,200,200,300,300,800,300,45.74
588,439,BRALPAACNPR7BR00,ALPA4,1620751103334137,45.76,45.75,45.74,45.77,45.78,45.79,100,200,300,300,800,300,45.74
589,439,BRALPAACNPR7BR00,ALPA4,1620751103334157,45.76,45.75,45.74,45.77,45.78,45.79,100,200,300,300,800,300,45.74
590,439,BRALPAACNPR7BR00,ALPA4,1620751104208255,45.75,45.74,45.73,45.77,45.78,45.79,200,200,1100,900,800,300,45.76
591,439,BRALPAACNPR7BR00,ALPA4,1620751104208868,45.75,45.74,45.73,45.77,45.78,45.79,100,200,1100,900,800,300,45.76
592,439,BRALPAACNPR7BR00,ALPA4,1620751104210059,45.75,45.74,45.73,45.77,45.78,45.79,200,200,1100,1000,800,300,45.76
593,439,BRALPAACNPR7BR00,ALPA4,1620751104483714,45.76,45.75,45.74,45.78,45.79,45.8,300,400,200,800,300,200,45.77
594,439,BRALPAACNPR7BR00,ALPA4,1620751104485032,45.77,45.76,45.75,45.78,45.79,45.8,100,600,300,700,200,300,45.77
595,439,BRALPAACNPR7BR00,ALPA4,1620751104485143,45.77,45.76,45.75,45.78,45.79,45.8,100,500,300,700,200,300,45.77
596,439,BRALPAACNPR7BR00,ALPA4,1620751104486385,45.77,45.76,45.75,45.78,45.79,45.8,300,400,400,700,200,100,45.77
597,439,BRALPAACNPR7BR00,ALPA4,1620751105497553,45.76,45.75,45.74,45.78,45.79,45.8,200,300,300,1200,300,200,45.77
598,439,BRALPAACNPR7BR00,ALPA4,1620751105497654,45.76,45.75,45.74,45.78,45.79,45.8,200,300,300,1200,300,200,45.77
599,439,BRALPAACNPR7BR00,ALPA4,1620751105498204,45.76,45.75,45.74,45.78,45.79,45.8,200,300,200,1200,300,200,45.77
600,439,BRALPAACNPR7BR00,ALPA4,1620751105499414,45.76,45.75,45.74,45.78,45.79,45.8,200,200,200,1200,300,200,45.77
601,439,BRALPAACNPR7BR00,ALPA4,1620751140381397,45.76,45.75,45.74,45.77,45.78,45.79,1300,1500,600,1000,1300,200,45.77
602,439,BRALPAACNPR7BR00,ALPA4,1620751140381556,45.75,45.74,45.73,45.77,45.78,45.79,1500,600,300,1000,1300,200,45.76
603,439,BRALPAACNPR7BR00,ALPA4,1620751140382690,45.75,45.74,45.73,45.77,45.78,45.79,1600,500,200,1000,1300,200,45.76
604,439,BRALPAACNPR7BR00,ALPA4,1620751140382869,45.75,45.74,45.73,45.77,45.78,45.79,100,500,200,1000,1300,200,45.75
605,439,BRALPAACNPR7BR00,ALPA4,1620751140384006,45.74,45.73,45.72,45.77,45.78,45.79,500,200,100,1400,1400,200,45.75
606,439,BRALPAACNPR7BR00,ALPA4,1620751140384575,45.74,45.73,45.72,45.77,45.78,45.79,500,200,100,1400,1400,200,45.75
607,439,BRALPAACNPR7BR00,ALPA4,1620751140385861,45.74,45.73,45.72,45.76,45.77,45.78,600,100,100,400,1400,1500,45.75
608,439,BRALPAACNPR7BR00,ALPA4,1620751140889064,45.73,45.72,45.71,45.77,45.78,45.79,100,100,600,2400,1500,300,45.74
609,439,BRALPAACNPR7BR00,ALPA4,1620751140889100,45.73,45.72,45.71,45.77,45.78,45.79,100,100,600,2400,1500,300,45.74
610,439,BRALPAACNPR7BR00,ALPA4,1620751140889319,45.73,45.72,45.71,45.76,45.77,45.78,100,100,600,300,2400,1500,45.74
611,439,BRALPAACNPR7BR00,ALPA4,1620751140890064,45.73,45.72,45.71,45.75,45.76,45.77,100,100,600,100,300,2400,45.74
612,439,BRALPAACNPR7BR00,ALPA4,1620751140890091,45.73,45.72,45.71,45.75,45.76,45.77,100,100,600,100,300,2400,45.74
613,439,BRALPAACNPR7BR00,ALPA4,1620751140890140,45.73,45.72,45.71,45.75,45.76,45.77,100,100,500,100,300,2400,45.74
614,439,BRALPAACNPR7BR00,ALPA4,1620751140890158,45.73,45.72,45.71,45.75,45.76,45.77,100,100,500,100,300,2400,45.74
615,439,BRALPAACNPR7BR00,ALPA4,1620751140890193,45.73,45.72,45.71,45.75,45.76,45.77,100,100,500,100,300,2400,45.74
616,439,BRALPAACNPR7BR00,ALPA4,1620751140890207,45.73,45.72,45.71,45.75,45.76,45.77,100,100,500,100,300,2400,45.74
617,439,BRALPAACNPR7BR00,ALPA4,1620751140890244,45.73,45.72,45.71,45.75,45.76,45.77,100,100,500,100,400,2400,45.74
618,439,BRALPAACNPR7BR00,ALPA4,1620751140890281,45.73,45.72,45.71,45.75,45.76,45.77,100,100,500,100,500,2400,45.74
619,439,BRALPAACNPR7BR00,ALPA4,1620751140890466,45.73,45.72,45.71,45.75,45.76,45.77,100,100,500,200,500,2400,45.74
620,439,BRALPAACNPR7BR00,ALPA4,1620751140890485,45.73,45.72,45.71,45.75,45.76,45.77,100,100,500,200,500,2400,45.74
621,439,BRALPAACNPR7BR00,ALPA4,1620751140890556,45.73,45.72,45.71,45.75,45.76,45.77,100,100,500,100,500,2400,45.74
622,439,BRALPAACNPR7BR00,ALPA4,1620751140890576,45.73,45.72,45.71,45.75,45.76,45.77,100,100,500,100,500,2400,45.74
623,439,BRALPAACNPR7BR00,ALPA4,1620751140890924,45.73,45.72,45.71,45.75,45.76,45.77,100,100,300,100,500,2400,45.74
624,439,BRALPAACNPR7BR00,ALPA4,1620751140890947,45.73,45.72,45.71,45.75,45.76,45.77,100,100,300,100,500,2400,45.74
625,439,BRALPAACNPR7BR00,ALPA4,1620751140891090,45.73,45.72,45.71,45.75,45.76,45.77,100,100,300,100,500,2400,45.74
626,439,BRALPAACNPR7BR00,ALPA4,1620751140891116,45.73,45.72,45.71,45.75,45.76,45.77,100,100,300,100,500,2400,45.74
627,439,BRALPAACNPR7BR00,ALPA4,1620751140891271,45.73,45.72,45.71,45.75,45.76,45.77,100,100,300,100,500,2400,45.74
628,439,BRALPAACNPR7BR00,ALPA4,1620751140891290,45.73,45.72,45.71,45.75,45.76,45.77,100,100,300,100,500,2400,45.74
629,439,BRALPAACNPR7BR00,ALPA4,1620751140892409,45.73,45.72,45.71,45.76,45.77,45.78,100,100,300,500,2400,1500,45.74
630,439,BRALPAACNPR7BR00,ALPA4,1620751140892448,45.73,45.72,45.71,45.76,45.77,45.78,100,100,300,500,2400,1500,45.74
631,439,BRALPAACNPR7BR00,ALPA4,1620751141056440,45.73,45.72,45.71,45.76,45.77,45.78,100,100,300,700,2200,1500,45.74
632,439,BRALPAACNPR7BR00,ALPA4,1620751141056465,45.73,45.72,45.71,45.76,45.77,45.78,100,100,300,700,2200,1500,45.74
633,439,BRALPAACNPR7BR00,ALPA4,1620751141057340,45.73,45.72,45.71,45.76,45.77,45.78,100,100,500,700,2200,1500,45.74
634,439,BRALPAACNPR7BR00,ALPA4,1620751141057357,45.73,45.72,45.71,45.76,45.77,45.78,100,100,500,700,2200,1500,45.74
635,439,BRALPAACNPR7BR00,ALPA4,1620751141057384,45.73,45.72,45.71,45.76,45.77,45.78,100,100,500,700,2200,1500,45.74
636,439,BRALPAACNPR7BR00,ALPA4,1620751141057400,45.73,45.72,45.71,45.76,45.77,45.78,100,100,500,700,2200,1500,45.74
637,439,BRALPAACNPR7BR00,ALPA4,1620751141381360,45.73,45.72,45.71,45.76,45.77,45.78,100,100,500,2400,700,1500,45.74
638,439,BRALPAACNPR7BR00,ALPA4,1620751141382711,45.73,45.72,45.71,45.75,45.76,45.77,200,100,500,100,2400,700,45.74
639,439,BRALPAACNPR7BR00,ALPA4,1620751163685406,45.72,45.71,45.7,45.75,45.76,45.77,100,800,800,2500,200,200,45.73
640,439,BRALPAACNPR7BR00,ALPA4,1620751163685519,45.72,45.71,45.7,45.75,45.76,45.77,100,800,800,2500,200,200,45.73
641,439,BRALPAACNPR7BR00,ALPA4,1620751163686102,45.72,45.71,45.7,45.75,45.76,45.77,100,700,800,2500,200,200,45.73
642,439,BRALPAACNPR7BR00,ALPA4,1620751163687296,45.72,45.71,45.7,45.74,45.75,45.76,200,700,800,300,2500,200,45.73
643,439,BRALPAACNPR7BR00,ALPA4,1620751164003631,45.73,45.72,45.71,45.77,45.78,45.79,100,400,700,200,1300,200,45.76
644,439,BRALPAACNPR7BR00,ALPA4,1620751164005055,45.73,45.72,45.71,45.78,45.79,45.8,900,700,700,1200,200,200,45.76
645,439,BRALPAACNPR7BR00,ALPA4,1620751164005761,45.74,45.73,45.72,45.78,45.79,45.8,300,900,700,1200,200,100,45.76
646,439,BRALPAACNPR7BR00,ALPA4,1620751164006998,45.75,45.74,45.73,45.78,45.79,45.8,100,600,800,1200,200,100,45.76
647,439,BRALPAACNPR7BR00,ALPA4,1620751164007690,45.75,45.74,45.73,45.78,45.79,45.8,200,600,800,1200,200,100,45.76
648,439,BRALPAACNPR7BR00,ALPA4,1620751164008884,45.75,45.74,45.73,45.78,45.79,45.8,300,500,800,1200,200,100,45.76
649,439,BRALPAACNPR7BR00,ALPA4,1620751170100494,45.76,45.75,45.74,45.79,45.81,45.82,300,900,600,100,100,200,45.78
650,439,BRALPAACNPR7BR00,ALPA4,1620751170100527,45.76,45.75,45.74,45.79,45.81,45.82,300,900,600,100,100,200,45.78
651,439,BRALPAACNPR7BR00,ALPA4,1620751174684774,45.77,45.76,45.75,45.82,45.83,45.84,300,600,1100,200,200,1000,45.79
652,439,BRALPAACNPR7BR00,ALPA4,1620751174684800,45.77,45.76,45.75,45.82,45.83,45.84,300,600,1100,200,200,1000,45.79
653,439,BRALPAACNPR7BR00,ALPA4,1620751174711476,45.78,45.77,45.76,45.82,45.83,45.84,300,600,500,100,100,1000,45.79
654,439,BRALPAACNPR7BR00,ALPA4,1620751174711499,45.78,45.77,45.76,45.82,45.83,45.84,300,600,500,100,100,1000,45.79
655,439,BRALPAACNPR7BR00,ALPA4,1620751201226246,45.79,45.78,45.77,45.83,45.84,45.85,900,600,900,100,600,1200,45.81
656,439,BRALPAACNPR7BR00,ALPA4,1620751201228220,45.79,45.78,45.77,45.84,45.85,45.86,1400,600,900,500,400,300,45.81
657,439,BRALPAACNPR7BR00,ALPA4,1620751201229130,45.8,45.79,45.78,45.84,45.85,45.86,300,1400,600,400,400,400,45.81
658,439,BRALPAACNPR7BR00,ALPA4,1620751201230473,45.8,45.79,45.78,45.84,45.85,45.86,700,1300,600,400,400,400,45.81
659,439,BRALPAACNPR7BR00,ALPA4,1620751212050560,45.81,45.8,45.79,45.84,45.86,45.87,300,1400,1800,100,500,200,45.83
660,439,BRALPAACNPR7BR00,ALPA4,1620751212051971,45.81,45.8,45.79,45.86,45.87,45.88,500,1300,1800,500,200,1600,45.84
661,439,BRALPAACNPR7BR00,ALPA4,1620751246173804,45.82,45.81,45.8,45.86,45.87,45.88,100,1600,800,900,100,400,45.84
662,439,BRALPAACNPR7BR00,ALPA4,1620751246175050,45.82,45.81,45.8,45.86,45.87,45.88,500,1500,800,900,100,400,45.84
663,439,BRALPAACNPR7BR00,ALPA4,1620751261474468,45.83,45.82,45.81,45.88,45.89,45.9,300,1700,800,300,400,1200,45.86
664,439,BRALPAACNPR7BR00,ALPA4,1620751261476199,45.83,45.82,45.81,45.88,45.89,45.9,800,1900,700,100,300,1100,45.86
665,439,BRALPAACNPR7BR00,ALPA4,1620751261477057,45.84,45.83,45.82,45.88,45.89,45.9,300,800,1900,100,300,200,45.86
666,439,BRALPAACNPR7BR00,ALPA4,1620751261478568,45.84,45.83,45.82,45.88,45.89,45.9,500,700,1900,100,500,200,45.86
667,439,BRALPAACNPR7BR00,ALPA4,1620751261526827,45.82,45.81,45.8,45.88,45.89,45.9,1600,600,600,100,200,200,45.82
668,439,BRALPAACNPR7BR00,ALPA4,1620751261526937,45.82,45.81,45.8,45.88,45.89,45.9,1600,600,600,100,200,200,45.82
669,439,BRALPAACNPR7BR00,ALPA4,1620751261528038,45.82,45.81,45.8,45.87,45.88,45.89,1600,600,600,100,100,200,45.82
670,439,BRALPAACNPR7BR00,ALPA4,1620751261529258,45.82,45.81,45.8,45.87,45.88,45.89,1400,600,200,100,300,200,45.82
671,439,BRALPAACNPR7BR00,ALPA4,1620751267460643,45.82,45.81,45.8,45.85,45.86,45.87,100,800,200,1100,300,300,45.82
672,439,BRALPAACNPR7BR00,ALPA4,1620751267460764,45.82,45.81,45.8,45.85,45.86,45.87,100,800,200,1100,300,300,45.82
673,543,BRALSOACNOR5BR00,ALSO3,1620750928329288,28.26,28.25,28.24,28.27,28.28,28.29,100,2100,400,2300,1000,2000,28.26
674,543,BRALSOACNOR5BR00,ALSO3,1620750928329312,28.26,28.25,28.24,28.27,28.28,28.29,100,2100,400,2300,1000,2000,28.26
675,543,BRALSOACNOR5BR00,ALSO3,1620750928329993,28.26,28.25,28.24,28.27,28.28,28.29,100,2100,400,2300,1000,1800,28.26
676,543,BRALSOACNOR5BR00,ALSO3,1620750928330029,28.26,28.25,28.24,28.27,28.28,28.29,100,2100,400,2300,1000,1500,28.26
677,543,BRALSOACNOR5BR00,ALSO3,1620750928330213,28.26,28.25,28.24,28.27,28.28,28.29,200,2000,400,2300,600,1500,28.26
678,543,BRALSOACNOR5BR00,ALSO3,1620750928330218,28.26,28.25,28.24,28.27,28.28,28.29,200,2000,400,2300,600,1500,28.26
679,543,BRALSOACNOR5BR00,ALSO3,1620750928330329,28.26,28.25,28.24,28.27,28.28,28.29,200,2000,600,2300,600,1500,28.26
680,543,BRALSOACNOR5BR00,ALSO3,1620750928330354,28.26,28.25,28.24,28.27,28.28,28.29,200,2000,600,2300,600,1500,28.26
681,543,BRALSOACNOR5BR00,ALSO3,1620750928330912,28.26,28.25,28.24,28.27,28.28,28.29,300,2000,600,2300,600,1500,28.26
682,543,BRALSOACNOR5BR00,ALSO3,1620750928330929,28.26,28.25,28.24,28.27,28.28,28.29,300,2000,600,2300,600,1500,28.26
683,543,BRALSOACNOR5BR00,ALSO3,1620750928331223,28.26,28.25,28.24,28.27,28.28,28.29,300,2000,600,2300,600,1500,28.26
684,543,BRALSOACNOR5BR00,ALSO3,1620750928331240,28.26,28.25,28.24,28.27,28.28,28.29,300,2000,600,2300,600,1500,28.26
685,543,BRALSOACNOR5BR00,ALSO3,1620750928331552,28.26,28.25,28.24,28.27,28.28,28.29,300,2000,600,2300,600,1400,28.26
686,543,BRALSOACNOR5BR00,ALSO3,1620750928331611,28.26,28.25,28.24,28.27,28.28,28.29,600,1700,600,2300,600,1400,28.26
687,543,BRALSOACNOR5BR00,ALSO3,1620750928333160,28.26,28.25,28.24,28.27,28.28,28.29,600,2000,600,2300,600,1400,28.26
688,543,BRALSOACNOR5BR00,ALSO3,1620750928333174,28.26,28.25,28.24,28.27,28.28,28.29,600,2000,600,2300,600,1400,28.26
689,543,BRALSOACNOR5BR00,ALSO3,1620750928754889,28.26,28.25,28.24,28.27,28.28,28.29,600,1300,600,2300,600,1400,28.26
690,543,BRALSOACNOR5BR00,ALSO3,1620750928754910,28.26,28.25,28.24,28.27,28.28,28.29,600,1300,600,2300,600,1400,28.26
691,543,BRALSOACNOR5BR00,ALSO3,1620750928755732,28.26,28.25,28.24,28.27,28.28,28.29,600,1300,600,2300,1000,1400,28.26
692,543,BRALSOACNOR5BR00,ALSO3,1620750928755751,28.26,28.25,28.24,28.27,28.28,28.29,600,1300,600,2300,1000,1400,28.26
693,543,BRALSOACNOR5BR00,ALSO3,1620750928819423,28.26,28.25,28.24,28.27,28.28,28.29,800,1100,600,2300,1000,1400,28.26
694,543,BRALSOACNOR5BR00,ALSO3,1620750928819443,28.26,28.25,28.24,28.27,28.28,28.29,800,1100,600,2300,1000,1400,28.26
695,543,BRALSOACNOR5BR00,ALSO3,1620750928911609,28.26,28.25,28.24,28.27,28.28,28.29,1700,1100,600,2300,1000,1400,28.26
696,543,BRALSOACNOR5BR00,ALSO3,1620750928911631,28.26,28.25,28.24,28.27,28.28,28.29,1700,1100,600,2300,1000,1400,28.26
697,543,BRALSOACNOR5BR00,ALSO3,1620750928912298,28.26,28.25,28.24,28.27,28.28,28.29,1700,1100,600,2300,1000,1400,28.26
698,543,BRALSOACNOR5BR00,ALSO3,1620750928912316,28.26,28.25,28.24,28.27,28.28,28.29,1700,1100,600,2300,1000,1400,28.26
699,543,BRALSOACNOR5BR00,ALSO3,1620750928912461,28.26,28.25,28.24,28.27,28.28,28.29,1700,1100,600,2300,600,1400,28.26
700,543,BRALSOACNOR5BR00,ALSO3,1620750928912480,28.26,28.25,28.24,28.27,28.28,28.29,1700,1100,600,2300,600,1400,28.26
701,543,BRALSOACNOR5BR00,ALSO3,1620750928986085,28.26,28.25,28.24,28.27,28.28,28.29,1700,1100,600,2800,600,1400,28.26
702,543,BRALSOACNOR5BR00,ALSO3,1620750928987326,28.26,28.25,28.24,28.27,28.28,28.29,1800,1100,600,2800,600,1400,28.26
703,543,BRALSOACNOR5BR00,ALSO3,1620750933446830,28.27,28.26,28.25,28.28,28.29,28.3,300,1900,1000,500,1000,800,28.27
704,543,BRALSOACNOR5BR00,ALSO3,1620750933446855,28.27,28.26,28.25,28.28,28.29,28.3,300,1900,1000,500,1000,800,28.27
705,543,BRALSOACNOR5BR00,ALSO3,1620750935426928,28.28,28.27,28.26,28.29,28.3,28.31,200,600,600,1200,800,2400,28.28
706,543,BRALSOACNOR5BR00,ALSO3,1620750935428694,28.28,28.27,28.26,28.29,28.3,28.31,400,900,700,1200,800,2100,28.28
707,543,BRALSOACNOR5BR00,ALSO3,1620750944020321,28.28,28.27,28.26,28.29,28.3,28.31,1000,100,600,2400,800,2100,28.28
708,543,BRALSOACNOR5BR00,ALSO3,1620750944020404,28.27,28.26,28.25,28.29,28.3,28.31,100,600,900,2400,800,2100,28.28
709,543,BRALSOACNOR5BR00,ALSO3,1620750944021799,28.27,28.26,28.25,28.28,28.29,28.3,200,400,900,700,2200,800,28.28
710,543,BRALSOACNOR5BR00,ALSO3,1620750946622048,28.27,28.25,28.24,28.28,28.29,28.3,100,900,600,500,2300,800,28.27
711,543,BRALSOACNOR5BR00,ALSO3,1620750946623269,28.25,28.24,28.23,28.28,28.29,28.3,1000,600,1200,500,2300,800,28.27
712,543,BRALSOACNOR5BR00,ALSO3,1620750949770087,28.26,28.25,28.24,28.28,28.29,28.3,100,800,800,700,2500,900,28.27
713,543,BRALSOACNOR5BR00,ALSO3,1620750949771421,28.26,28.25,28.24,28.28,28.29,28.3,300,700,800,700,2500,900,28.27
714,543,BRALSOACNOR5BR00,ALSO3,1620750949772893,28.26,28.25,28.24,28.28,28.29,28.3,100,700,800,700,2300,900,28.27
715,543,BRALSOACNOR5BR00,ALSO3,1620750949774004,28.25,28.24,28.23,28.28,28.29,28.3,800,800,1400,700,2300,1100,28.27
716,543,BRALSOACNOR5BR00,ALSO3,1620750953564318,28.26,28.25,28.24,28.28,28.29,28.3,300,800,800,700,1900,1100,28.28
717,543,BRALSOACNOR5BR00,ALSO3,1620750953566147,28.26,28.25,28.24,28.28,28.29,28.3,600,700,800,700,1900,900,28.28
718,543,BRALSOACNOR5BR00,ALSO3,1620750960821618,28.27,28.26,28.25,28.28,28.29,28.3,100,800,500,400,2300,900,28.26
719,543,BRALSOACNOR5BR00,ALSO3,1620750960821652,28.27,28.26,28.25,28.28,28.29,28.3,100,800,500,400,2300,900,28.26
720,543,BRALSOACNOR5BR00,ALSO3,1620750976931998,28.28,28.27,28.26,28.29,28.3,28.31,300,500,500,800,800,2400,28.29
721,543,BRALSOACNOR5BR00,ALSO3,1620750976933175,28.28,28.27,28.26,28.29,28.3,28.31,400,500,400,800,800,2400,28.29
722,543,BRALSOACNOR5BR00,ALSO3,1620750977990404,28.28,28.27,28.25,28.29,28.3,28.31,500,200,1100,600,800,2100,28.28
723,543,BRALSOACNOR5BR00,ALSO3,1620750977991186,28.28,28.27,28.25,28.29,28.3,28.31,500,200,1100,700,800,2100,28.28
724,543,BRALSOACNOR5BR00,ALSO3,1620750977992273,28.28,28.27,28.25,28.29,28.3,28.31,600,200,1100,700,800,2100,28.28
725,543,BRALSOACNOR5BR00,ALSO3,1620750978003134,28.28,28.27,28.25,28.29,28.3,28.31,100,200,900,700,1000,2100,28.28
726,543,BRALSOACNOR5BR00,ALSO3,1620750978004364,28.27,28.25,28.24,28.29,28.3,28.31,200,1200,400,700,1000,2100,28.28
727,543,BRALSOACNOR5BR00,ALSO3,1620750978005115,28.27,28.25,28.24,28.29,28.3,28.31,200,1200,700,700,1000,2100,28.28
728,543,BRALSOACNOR5BR00,ALSO3,1620750978006298,28.27,28.25,28.24,28.28,28.29,28.3,300,1200,700,100,1000,1000,28.28
729,543,BRALSOACNOR5BR00,ALSO3,1620750985642055,28.25,28.24,28.23,28.28,28.29,28.3,900,800,1200,1400,800,1000,28.27
730,543,BRALSOACNOR5BR00,ALSO3,1620750985642237,28.25,28.24,28.23,28.28,28.29,28.3,900,800,1200,1400,800,1000,28.27
731,768,BRALUPCDAM15BR00,ALUP11,1620750931129380,26.63,26.62,26.61,26.64,26.66,26.67,1400,500,900,100,200,500,26.64
732,768,BRALUPCDAM15BR00,ALUP11,1620750931130534,26.63,26.62,26.61,26.64,26.66,26.67,1500,500,900,1000,100,500,26.64
733,768,BRALUPCDAM15BR00,ALUP11,1620750942770231,26.63,26.62,26.61,26.64,26.66,26.67,1500,600,900,1800,200,300,26.64
734,768,BRALUPCDAM15BR00,ALUP11,1620750942770725,26.63,26.62,26.61,26.64,26.66,26.67,1500,600,900,1800,200,300,26.61
735,768,BRALUPCDAM15BR00,ALUP11,1620750942772466,26.63,26.61,26.59,26.64,26.65,26.66,100,100,2000,1800,100,400,26.6
736,768,BRALUPCDAM15BR00,ALUP11,1620750942772517,26.63,26.61,26.59,26.64,26.65,26.66,100,100,2000,1800,100,500,26.6
737,768,BRALUPCDAM15BR00,ALUP11,1620750942773409,26.59,26.58,26.57,26.64,26.65,26.66,2000,600,600,2000,100,500,26.63
738,768,BRALUPCDAM15BR00,ALUP11,1620750942773494,26.59,26.58,26.57,26.64,26.65,26.66,2000,600,600,2000,100,500,26.63
739,768,BRALUPCDAM15BR00,ALUP11,1620750942774924,26.6,26.59,26.58,26.62,26.63,26.64,200,2100,600,100,300,2200,26.63
740,768,BRALUPCDAM15BR00,ALUP11,1620750942775155,26.61,26.6,26.59,26.62,26.63,26.64,100,200,2100,100,300,2200,26.63
741,768,BRALUPCDAM15BR00,ALUP11,1620750942776337,26.61,26.6,26.59,26.63,26.64,26.65,100,200,500,500,2200,100,26.63
742,768,BRALUPCDAM15BR00,ALUP11,1620750942776620,26.61,26.6,26.59,26.63,26.64,26.65,100,100,500,500,2200,100,26.63
743,768,BRALUPCDAM15BR00,ALUP11,1620750942777817,26.6,26.59,26.58,26.63,26.64,26.65,200,500,600,400,2200,100,26.63
744,768,BRALUPCDAM15BR00,ALUP11,1620750942778735,26.61,26.6,26.59,26.63,26.64,26.65,100,300,500,500,2200,100,26.63
745,768,BRALUPCDAM15BR00,ALUP11,1620750942779961,26.61,26.6,26.59,26.63,26.64,26.65,200,200,500,400,2200,100,26.63
746,768,BRALUPCDAM15BR00,ALUP11,1620750942870592,26.59,26.58,26.57,26.63,26.64,26.65,500,600,2100,400,2200,100,26.6
747,768,BRALUPCDAM15BR00,ALUP11,1620750942870802,26.59,26.58,26.57,26.63,26.64,26.65,500,600,2100,400,2200,100,26.6
748,768,BRALUPCDAM15BR00,ALUP11,1620750942871535,26.59,26.58,26.57,26.63,26.64,26.65,500,600,2100,400,2200,100,26.6
749,768,BRALUPCDAM15BR00,ALUP11,1620750942871559,26.59,26.58,26.57,26.63,26.64,26.65,500,600,2100,400,2200,100,26.6
750,768,BRALUPCDAM15BR00,ALUP11,1620750942871716,26.59,26.58,26.57,26.63,26.64,26.65,500,600,2100,400,2200,200,26.6
751,768,BRALUPCDAM15BR00,ALUP11,1620750942871752,26.59,26.58,26.57,26.62,26.63,26.64,500,600,2100,100,400,2200,26.6
752,768,BRALUPCDAM15BR00,ALUP11,1620750942871792,26.59,26.58,26.57,26.62,26.63,26.64,500,600,2100,200,400,2200,26.6
753,768,BRALUPCDAM15BR00,ALUP11,1620750942871811,26.6,26.59,26.58,26.62,26.63,26.64,100,500,600,200,400,2200,26.6
754,768,BRALUPCDAM15BR00,ALUP11,1620750942872507,26.6,26.59,26.58,26.62,26.63,26.64,100,500,600,100,400,2200,26.6
755,768,BRALUPCDAM15BR00,ALUP11,1620750942872557,26.6,26.59,26.58,26.62,26.63,26.64,100,300,600,100,400,2200,26.6
756,768,BRALUPCDAM15BR00,ALUP11,1620750942872694,26.6,26.59,26.58,26.62,26.63,26.64,100,300,600,200,400,2200,26.6
757,768,BRALUPCDAM15BR00,ALUP11,1620750942872714,26.6,26.59,26.58,26.62,26.63,26.64,100,300,600,200,400,2200,26.6
758,768,BRALUPCDAM15BR00,ALUP11,1620750942873767,26.6,26.59,26.58,26.62,26.63,26.64,100,300,600,300,400,2200,26.6
759,768,BRALUPCDAM15BR00,ALUP11,1620750942873784,26.6,26.59,26.58,26.62,26.63,26.64,100,300,600,300,400,2200,26.6
760,768,BRALUPCDAM15BR00,ALUP11,1620750942879719,26.6,26.59,26.58,26.62,26.63,26.64,100,300,600,300,500,2200,26.6
761,768,BRALUPCDAM15BR00,ALUP11,1620750942879736,26.6,26.59,26.58,26.62,26.63,26.64,100,300,600,300,500,2200,26.6
762,768,BRALUPCDAM15BR00,ALUP11,1620750942889604,26.6,26.59,26.58,26.62,26.63,26.64,100,300,600,200,500,2200,26.62
763,768,BRALUPCDAM15BR00,ALUP11,1620750942889620,26.6,26.59,26.58,26.62,26.63,26.64,100,300,600,200,500,2200,26.62
764,768,BRALUPCDAM15BR00,ALUP11,1620750942890312,26.6,26.59,26.58,26.62,26.63,26.64,100,300,600,100,500,2200,26.62
765,768,BRALUPCDAM15BR00,ALUP11,1620750942890331,26.6,26.59,26.58,26.62,26.63,26.64,100,300,600,100,500,2200,26.62
766,768,BRALUPCDAM15BR00,ALUP11,1620750942890542,26.6,26.59,26.58,26.62,26.63,26.64,200,300,600,100,500,2200,26.62
767,768,BRALUPCDAM15BR00,ALUP11,1620750942890559,26.6,26.59,26.58,26.62,26.63,26.64,200,300,600,100,500,2200,26.62
768,768,BRALUPCDAM15BR00,ALUP11,1620750942890692,26.6,26.59,26.58,26.63,26.64,26.65,200,300,600,500,2200,200,26.62
769,768,BRALUPCDAM15BR00,ALUP11,1620750942890710,26.6,26.59,26.58,26.63,26.64,26.65,200,300,600,500,2200,200,26.62
770,768,BRALUPCDAM15BR00,ALUP11,1620750942890748,26.6,26.59,26.58,26.62,26.63,26.64,200,300,600,100,500,2200,26.62
771,768,BRALUPCDAM15BR00,ALUP11,1620750942890765,26.6,26.59,26.58,26.62,26.63,26.64,200,300,600,100,500,2200,26.62
772,768,BRALUPCDAM15BR00,ALUP11,1620750942891439,26.6,26.59,26.58,26.63,26.64,26.65,200,300,600,500,2200,200,26.62
773,768,BRALUPCDAM15BR00,ALUP11,1620750942891470,26.6,26.59,26.58,26.63,26.64,26.65,200,400,600,500,2200,200,26.62
774,768,BRALUPCDAM15BR00,ALUP11,1620750942891616,26.61,26.6,26.59,26.63,26.64,26.65,100,200,400,500,2200,200,26.62
775,768,BRALUPCDAM15BR00,ALUP11,1620750942891640,26.61,26.6,26.59,26.63,26.64,26.65,100,200,400,500,2200,200,26.62
776,768,BRALUPCDAM15BR00,ALUP11,1620750942891657,26.61,26.6,26.59,26.63,26.64,26.65,100,300,400,500,2200,200,26.62
777,768,BRALUPCDAM15BR00,ALUP11,1620750942891687,26.61,26.6,26.59,26.63,26.64,26.65,100,300,400,500,2200,200,26.62
778,768,BRALUPCDAM15BR00,ALUP11,1620750942892336,26.61,26.6,26.59,26.63,26.64,26.65,100,300,400,400,2200,200,26.62
779,768,BRALUPCDAM15BR00,ALUP11,1620750942892354,26.61,26.6,26.59,26.63,26.64,26.65,100,300,400,400,2200,200,26.62
780,768,BRALUPCDAM15BR00,ALUP11,1620750942892534,26.61,26.6,26.59,26.63,26.64,26.65,100,300,400,400,2200,200,26.62
781,768,BRALUPCDAM15BR00,ALUP11,1620750942892552,26.61,26.6,26.59,26.63,26.64,26.65,100,300,400,400,2200,200,26.62
782,768,BRALUPCDAM15BR00,ALUP11,1620750942892774,26.61,26.6,26.59,26.63,26.64,26.65,100,300,400,400,2200,200,26.62
783,768,BRALUPCDAM15BR00,ALUP11,1620750942892790,26.61,26.6,26.59,26.63,26.64,26.65,100,300,400,400,2200,200,26.62
784,768,BRALUPCDAM15BR00,ALUP11,1620750942893492,26.61,26.6,26.59,26.63,26.64,26.65,100,300,400,400,2000,200,26.62
785,768,BRALUPCDAM15BR00,ALUP11,1620750942893510,26.61,26.6,26.59,26.63,26.64,26.65,100,300,400,400,2000,200,26.62
786,768,BRALUPCDAM15BR00,ALUP11,1620750942902366,26.61,26.6,26.59,26.62,26.63,26.64,100,300,400,1000,400,1000,26.62
787,768,BRALUPCDAM15BR00,ALUP11,1620750942902387,26.61,26.6,26.59,26.62,26.63,26.64,100,300,400,1000,400,1000,26.62
788,768,BRALUPCDAM15BR00,ALUP11,1620750942904208,26.61,26.6,26.59,26.62,26.63,26.64,100,300,400,1000,400,1200,26.62
789,768,BRALUPCDAM15BR00,ALUP11,1620750942904225,26.61,26.6,26.59,26.62,26.63,26.64,100,300,400,1000,400,1200,26.62
790,768,BRALUPCDAM15BR00,ALUP11,1620750942905141,26.61,26.6,26.59,26.62,26.63,26.64,100,300,400,1000,500,1200,26.62
791,768,BRALUPCDAM15BR00,ALUP11,1620750942905158,26.61,26.6,26.59,26.62,26.63,26.64,100,300,400,1000,500,1200,26.62
792,768,BRALUPCDAM15BR00,ALUP11,1620750942916223,26.6,26.59,26.58,26.62,26.63,26.64,300,400,2100,1000,500,1200,26.61
793,768,BRALUPCDAM15BR00,ALUP11,1620750942916241,26.6,26.59,26.58,26.62,26.63,26.64,300,400,2100,1000,500,1200,26.61
794,768,BRALUPCDAM15BR00,ALUP11,1620750942927033,26.59,26.58,26.57,26.62,26.63,26.64,400,2100,600,1000,500,1200,26.6
795,768,BRALUPCDAM15BR00,ALUP11,1620750942927052,26.59,26.58,26.57,26.62,26.63,26.64,400,2100,600,1000,500,1200,26.6
796,768,BRALUPCDAM15BR00,ALUP11,1620750942927915,26.59,26.58,26.57,26.62,26.63,26.64,300,2100,600,1000,500,1200,26.6
797,768,BRALUPCDAM15BR00,ALUP11,1620750942927938,26.59,26.58,26.57,26.62,26.63,26.64,300,2100,600,1000,500,1200,26.6
798,768,BRALUPCDAM15BR00,ALUP11,1620750942928903,26.6,26.59,26.58,26.62,26.63,26.64,100,300,2100,1000,500,1200,26.6
799,768,BRALUPCDAM15BR00,ALUP11,1620750942928930,26.6,26.59,26.58,26.62,26.63,26.64,100,300,2100,1000,500,1200,26.6
800,768,BRALUPCDAM15BR00,ALUP11,1620750942945555,26.59,26.58,26.57,26.62,26.63,26.64,300,2100,600,1000,500,1200,26.6
801,768,BRALUPCDAM15BR00,ALUP11,1620750942945576,26.59,26.58,26.57,26.62,26.63,26.64,300,2100,600,1000,500,1200,26.6
802,768,BRALUPCDAM15BR00,ALUP11,1620750943019035,26.6,26.59,26.58,26.62,26.63,26.64,100,300,2100,1000,500,1200,26.6
803,768,BRALUPCDAM15BR00,ALUP11,1620750943019080,26.6,26.59,26.58,26.62,26.63,26.64,100,300,2100,1000,500,1200,26.6
804,768,BRALUPCDAM15BR00,ALUP11,1620750943049721,26.59,26.58,26.57,26.62,26.63,26.64,300,2100,600,1000,500,1200,26.6
805,768,BRALUPCDAM15BR00,ALUP11,1620750943049743,26.59,26.58,26.57,26.62,26.63,26.64,300,2100,600,1000,500,1200,26.6
806,768,BRALUPCDAM15BR00,ALUP11,1620750943050798,26.6,26.59,26.58,26.62,26.63,26.64,100,300,2100,1000,500,1200,26.6
807,768,BRALUPCDAM15BR00,ALUP11,1620750943050816,26.6,26.59,26.58,26.62,26.63,26.64,100,300,2100,1000,500,1200,26.6
808,768,BRALUPCDAM15BR00,ALUP11,1620750943076494,26.59,26.58,26.57,26.62,26.63,26.64,300,2100,600,1000,500,1200,26.6
809,768,BRALUPCDAM15BR00,ALUP11,1620750943076516,26.59,26.58,26.57,26.62,26.63,26.64,300,2100,600,1000,500,1200,26.6
810,768,BRALUPCDAM15BR00,ALUP11,1620750943340347,26.6,26.59,26.58,26.62,26.63,26.64,100,300,2100,1000,500,1200,26.6
811,768,BRALUPCDAM15BR00,ALUP11,1620750943343011,26.6,26.59,26.58,26.62,26.63,26.64,200,400,2100,1000,500,1200,26.6
812,768,BRALUPCDAM15BR00,ALUP11,1620750943370778,26.6,26.59,26.58,26.62,26.63,26.64,100,400,2100,1000,500,1200,26.6
813,768,BRALUPCDAM15BR00,ALUP11,1620750943371932,26.59,26.58,26.57,26.62,26.63,26.64,400,2100,600,1000,500,1200,26.6
814,768,BRALUPCDAM15BR00,ALUP11,1620750943372432,26.6,26.59,26.58,26.62,26.63,26.64,100,400,2100,1000,500,1200,26.6
815,768,BRALUPCDAM15BR00,ALUP11,1620750943373606,26.6,26.59,26.58,26.62,26.63,26.64,200,300,2100,1000,500,1200,26.6
816,768,BRALUPCDAM15BR00,ALUP11,1620750943634283,26.59,26.58,26.57,26.62,26.63,26.64,400,2100,600,1000,500,1200,26.6
817,768,BRALUPCDAM15BR00,ALUP11,1620750943634459,26.59,26.58,26.57,26.62,26.63,26.64,400,2100,600,1000,500,1200,26.6
818,768,BRALUPCDAM15BR00,ALUP11,1620750943635050,26.59,26.58,26.57,26.62,26.63,26.64,300,2100,600,1000,500,1200,26.6
819,768,BRALUPCDAM15BR00,ALUP11,1620750943636189,26.59,26.58,26.57,26.62,26.63,26.64,400,2100,600,1000,500,1200,26.6
820,768,BRALUPCDAM15BR00,ALUP11,1620750945802673,26.58,26.57,26.56,26.63,26.64,26.65,2100,600,1100,500,1200,200,26.59
821,768,BRALUPCDAM15BR00,ALUP11,1620750945802936,26.58,26.57,26.56,26.63,26.64,26.65,2100,600,1100,500,1200,200,26.59
822,768,BRALUPCDAM15BR00,ALUP11,1620750945803442,26.58,26.57,26.56,26.63,26.64,26.65,2000,600,1100,500,1200,200,26.59
823,768,BRALUPCDAM15BR00,ALUP11,1620750945804722,26.58,26.57,26.56,26.62,26.63,26.64,600,600,2600,100,500,1200,26.59
824,768,BRALUPCDAM15BR00,ALUP11,1620750946885207,26.59,26.58,26.57,26.63,26.64,26.65,200,3000,600,200,1200,200,26.61
825,768,BRALUPCDAM15BR00,ALUP11,1620750946886461,26.59,26.58,26.57,26.63,26.64,26.65,600,2900,600,200,1200,200,26.61
826,768,BRALUPCDAM15BR00,ALUP11,1620750946994277,26.61,26.59,26.58,26.63,26.64,26.65,1000,600,2900,200,1000,200,26.61
827,768,BRALUPCDAM15BR00,ALUP11,1620750946995681,26.61,26.6,26.59,26.64,26.65,26.66,1100,100,500,1000,200,400,26.61
828,768,BRALUPCDAM15BR00,ALUP11,1620750947032594,26.61,26.6,26.59,26.64,26.65,26.66,100,300,300,800,200,300,26.61
829,768,BRALUPCDAM15BR00,ALUP11,1620750947033821,26.61,26.6,26.59,26.64,26.65,26.66,100,100,300,900,200,300,26.61
830,768,BRALUPCDAM15BR00,ALUP11,1620750947034448,26.61,26.6,26.59,26.64,26.65,26.66,100,100,300,900,400,300,26.61
831,768,BRALUPCDAM15BR00,ALUP11,1620750947035722,26.61,26.59,26.58,26.64,26.65,26.66,200,300,4500,900,400,300,26.61
832,768,BRALUPCDAM15BR00,ALUP11,1620750947061812,26.59,26.58,26.57,26.64,26.65,26.66,300,4500,600,900,400,300,26.61
833,768,BRALUPCDAM15BR00,ALUP11,1620750947061949,26.59,26.58,26.57,26.64,26.65,26.66,300,4500,600,900,400,300,26.61
834,768,BRALUPCDAM15BR00,ALUP11,1620750947062757,26.59,26.58,26.57,26.63,26.64,26.65,300,4500,600,100,900,400,26.61
835,768,BRALUPCDAM15BR00,ALUP11,1620750947063969,26.59,26.58,26.57,26.63,26.64,26.65,400,4500,600,400,900,400,26.61
836,768,BRALUPCDAM15BR00,ALUP11,1620750953959468,26.6,26.59,26.58,26.62,26.63,26.64,100,300,2800,4100,500,1000,26.61
837,768,BRALUPCDAM15BR00,ALUP11,1620750953959496,26.6,26.59,26.58,26.62,26.63,26.64,100,300,2800,4100,500,1000,26.61
