,MappingNumber,EsteeID,Ticker, CurrTimeInMicroSeconds, BP1, BP2, BP3, AP1, AP2, AP3, BQ1, BQ2, BQ3, AQ1, AQ2, AQ3, LTP
0,132,BRABCBACNPR4BR00,ABCB4,1620233214110499,14.78,14.77,14.76,14.79,14.8,14.81,1900,1300,2100,400,1100,1400,14.79
1,132,BRABCBACNPR4BR00,ABCB4,1620233214110519,14.78,14.77,14.76,14.79,14.8,14.81,1900,1300,2100,400,1100,1400,14.79
2,132,BRABCBACNPR4BR00,ABCB4,1620233214111585,14.78,14.77,14.76,14.8,14.81,14.82,1900,1300,2100,1100,1400,1800,14.79
3,132,BRABCBACNPR4BR00,ABCB4,1620233214111608,14.78,14.77,14.76,14.8,14.81,14.82,1900,1300,2100,1100,1400,1800,14.79
4,132,BRABCBACNPR4BR00,ABCB4,1620233214112583,14.78,14.77,14.76,14.79,14.8,14.81,1900,1300,2100,200,1100,1400,14.79
5,132,BRABCBACNPR4BR00,ABCB4,1620233214112608,14.78,14.77,14.76,14.79,14.8,14.81,1900,1300,2100,200,1100,1400,14.79
6,132,BRABCBACNPR4BR00,ABCB4,1620233214112629,14.78,14.77,14.76,14.8,14.81,14.82,1900,1300,2100,1100,1400,1800,14.79
7,132,BRABCBACNPR4BR00,ABCB4,1620233214112647,14.78,14.77,14.76,14.8,14.81,14.82,1900,1300,2100,1100,1400,1800,14.79
8,132,BRABCBACNPR4BR00,ABCB4,1620233214766808,14.79,14.78,14.77,14.8,14.81,14.82,100,1900,1300,1100,1400,1800,14.79
9,132,BRABCBACNPR4BR00,ABCB4,1620233214766834,14.79,14.78,14.77,14.8,14.81,14.82,100,1900,1300,1100,1400,1800,14.79
10,132,BRABCBACNPR4BR00,ABCB4,1620233214767555,14.79,14.78,14.77,14.8,14.81,14.82,100,1900,1300,1100,1100,1800,14.79
11,132,BRABCBACNPR4BR00,ABCB4,1620233214767592,14.79,14.78,14.77,14.8,14.81,14.82,100,1900,1300,1100,1100,1800,14.79
12,132,BRABCBACNPR4BR00,ABCB4,1620233214767724,14.78,14.77,14.76,14.8,14.81,14.82,1900,1300,2100,1100,1100,1800,14.79
13,132,BRABCBACNPR4BR00,ABCB4,1620233214767742,14.78,14.77,14.76,14.8,14.81,14.82,1900,1300,2100,1100,1100,1800,14.79
14,132,BRABCBACNPR4BR00,ABCB4,1620233214770529,14.79,14.78,14.77,14.8,14.81,14.82,100,1900,1300,1100,1100,1800,14.79
15,132,BRABCBACNPR4BR00,ABCB4,1620233214770553,14.79,14.78,14.77,14.8,14.81,14.82,100,1900,1300,1100,1100,1800,14.79
16,132,BRABCBACNPR4BR00,ABCB4,1620233214771151,14.78,14.77,14.76,14.8,14.81,14.82,1900,1300,2100,1100,1100,1800,14.79
17,132,BRABCBACNPR4BR00,ABCB4,1620233214771190,14.78,14.77,14.76,14.8,14.81,14.82,1900,1300,2100,1100,1100,1800,14.79
18,132,BRABCBACNPR4BR00,ABCB4,1620233214773095,14.79,14.78,14.77,14.8,14.81,14.82,200,1900,1300,1100,1100,1800,14.79
19,132,BRABCBACNPR4BR00,ABCB4,1620233214773115,14.79,14.78,14.77,14.8,14.81,14.82,200,1900,1300,1100,1100,1800,14.79
20,132,BRABCBACNPR4BR00,ABCB4,1620233214774284,14.79,14.78,14.77,14.8,14.81,14.82,200,1900,1300,1100,1100,2100,14.79
21,132,BRABCBACNPR4BR00,ABCB4,1620233214774320,14.79,14.78,14.77,14.8,14.81,14.82,200,1900,1300,1100,1100,2100,14.79
22,132,BRABCBACNPR4BR00,ABCB4,1620233214784323,14.78,14.77,14.76,14.8,14.81,14.82,1900,1300,2100,1100,1100,2100,14.79
23,132,BRABCBACNPR4BR00,ABCB4,1620233214784351,14.78,14.77,14.76,14.8,14.81,14.82,1900,1300,2100,1100,1100,2100,14.79
24,132,BRABCBACNPR4BR00,ABCB4,1620233214788208,14.79,14.78,14.77,14.8,14.81,14.82,600,1300,1300,1100,1100,2100,14.79
25,132,BRABCBACNPR4BR00,ABCB4,1620233214788233,14.79,14.78,14.77,14.8,14.81,14.82,600,1300,1300,1100,1100,2100,14.79
26,132,BRABCBACNPR4BR00,ABCB4,1620233214789157,14.79,14.78,14.77,14.8,14.81,14.82,800,1300,1300,1100,1100,2100,14.79
27,132,BRABCBACNPR4BR00,ABCB4,1620233214789184,14.79,14.78,14.77,14.8,14.81,14.82,800,1300,1300,1100,1100,2100,14.79
28,132,BRABCBACNPR4BR00,ABCB4,1620233214790056,14.79,14.78,14.77,14.8,14.81,14.82,1000,1300,1300,1100,1100,2100,14.79
29,132,BRABCBACNPR4BR00,ABCB4,1620233214790077,14.79,14.78,14.77,14.8,14.81,14.82,1000,1300,1300,1100,1100,2100,14.79
30,132,BRABCBACNPR4BR00,ABCB4,1620233214873097,14.79,14.78,14.77,14.8,14.81,14.82,1000,1300,1300,900,1100,2100,14.79
31,132,BRABCBACNPR4BR00,ABCB4,1620233214873116,14.79,14.78,14.77,14.8,14.81,14.82,1000,1300,1300,900,1100,2100,14.79
32,132,BRABCBACNPR4BR00,ABCB4,1620233214875226,14.79,14.78,14.77,14.8,14.81,14.82,1100,1300,1300,900,1100,2100,14.79
33,132,BRABCBACNPR4BR00,ABCB4,1620233214875250,14.79,14.78,14.77,14.8,14.81,14.82,1100,1300,1300,900,1100,2100,14.79
34,132,BRABCBACNPR4BR00,ABCB4,1620233214888499,14.79,14.78,14.77,14.8,14.81,14.82,1100,1300,1300,700,1100,2100,14.79
35,132,BRABCBACNPR4BR00,ABCB4,1620233214888546,14.79,14.78,14.77,14.8,14.81,14.82,1100,1300,1300,700,1100,2100,14.79
36,132,BRABCBACNPR4BR00,ABCB4,1620233214904323,14.79,14.78,14.77,14.8,14.81,14.82,1100,1300,1300,500,1100,2100,14.79
37,132,BRABCBACNPR4BR00,ABCB4,1620233214905474,14.79,14.78,14.77,14.8,14.81,14.82,1100,1300,1300,600,1100,2100,14.79
38,132,BRABCBACNPR4BR00,ABCB4,1620233219606992,14.78,14.77,14.76,14.8,14.81,14.82,1900,1300,2100,1100,1100,2100,14.79
39,132,BRABCBACNPR4BR00,ABCB4,1620233219607010,14.78,14.77,14.76,14.8,14.81,14.82,1900,1300,2100,1100,1100,2100,14.79
40,132,BRABCBACNPR4BR00,ABCB4,1620233258482306,14.79,14.78,14.77,14.8,14.81,14.82,1200,1300,1300,200,1100,2100,14.8
41,132,BRABCBACNPR4BR00,ABCB4,1620233258483066,14.79,14.78,14.77,14.8,14.81,14.82,1200,1300,1300,200,1100,1800,14.8
42,132,BRABCBACNPR4BR00,ABCB4,1620233258483091,14.79,14.78,14.77,14.8,14.81,14.82,1200,1300,1300,200,1100,1800,14.8
43,132,BRABCBACNPR4BR00,ABCB4,1620233258598461,14.79,14.78,14.77,14.81,14.82,14.83,1200,1300,1300,1100,1800,1000,14.8
44,132,BRABCBACNPR4BR00,ABCB4,1620233258599796,14.79,14.78,14.77,14.8,14.81,14.82,1200,1300,1400,100,1000,1400,14.8
45,132,BRABCBACNPR4BR00,ABCB4,1620233258601188,14.79,14.78,14.77,14.81,14.82,14.83,1200,1300,1400,1000,1400,1300,14.8
46,139,BRABEVACNOR1BR00,ABEV3,1620233204738648,14.86,14.85,14.84,14.87,14.88,14.89,40500,15600,15800,24900,31500,35700,14.87
47,139,BRABEVACNOR1BR00,ABEV3,1620233204738658,14.86,14.85,14.84,14.87,14.88,14.89,40500,15600,15800,24900,31500,35700,14.87
48,139,BRABEVACNOR1BR00,ABEV3,1620233204744794,14.86,14.85,14.84,14.87,14.88,14.89,40500,15600,15800,24400,31500,35700,14.87
49,139,BRABEVACNOR1BR00,ABEV3,1620233204744812,14.86,14.85,14.84,14.87,14.88,14.89,40500,15600,15800,24400,31500,35700,14.87
50,139,BRABEVACNOR1BR00,ABEV3,1620233204752759,14.86,14.85,14.84,14.87,14.88,14.89,40500,15600,15800,23900,31500,35700,14.87
51,139,BRABEVACNOR1BR00,ABEV3,1620233204752778,14.86,14.85,14.84,14.87,14.88,14.89,40500,15600,15800,23900,31500,35700,14.87
52,139,BRABEVACNOR1BR00,ABEV3,1620233204760727,14.86,14.85,14.84,14.87,14.88,14.89,40500,15600,15800,23400,31500,35700,14.87
53,139,BRABEVACNOR1BR00,ABEV3,1620233204760744,14.86,14.85,14.84,14.87,14.88,14.89,40500,15600,15800,23400,31500,35700,14.87
54,139,BRABEVACNOR1BR00,ABEV3,1620233204768855,14.86,14.85,14.84,14.87,14.88,14.89,40500,15600,15800,23100,31500,35700,14.87
55,139,BRABEVACNOR1BR00,ABEV3,1620233204768882,14.86,14.85,14.84,14.87,14.88,14.89,40500,15600,15800,23100,31500,35700,14.87
56,139,BRABEVACNOR1BR00,ABEV3,1620233205097365,14.86,14.85,14.84,14.87,14.88,14.89,40500,15600,15800,22900,31500,35700,14.87
57,139,BRABEVACNOR1BR00,ABEV3,1620233205097392,14.86,14.85,14.84,14.87,14.88,14.89,40500,15600,15800,22900,31500,35700,14.87
58,139,BRABEVACNOR1BR00,ABEV3,1620233205098560,14.86,14.85,14.84,14.87,14.88,14.89,40500,15600,15800,22700,31500,35700,14.87
59,139,BRABEVACNOR1BR00,ABEV3,1620233205098582,14.86,14.85,14.84,14.87,14.88,14.89,40500,15600,15800,22700,31500,35700,14.87
60,139,BRABEVACNOR1BR00,ABEV3,1620233205099753,14.86,14.85,14.84,14.87,14.88,14.89,40500,15600,15800,22400,31500,35700,14.87
61,139,BRABEVACNOR1BR00,ABEV3,1620233205099773,14.86,14.85,14.84,14.87,14.88,14.89,40500,15600,15800,22400,31500,35700,14.87
62,139,BRABEVACNOR1BR00,ABEV3,1620233205101740,14.86,14.85,14.84,14.87,14.88,14.89,40000,15600,15800,22400,31500,35700,14.86
63,139,BRABEVACNOR1BR00,ABEV3,1620233205101760,14.86,14.85,14.84,14.87,14.88,14.89,40000,15600,15800,22400,31500,35700,14.86
64,139,BRABEVACNOR1BR00,ABEV3,1620233205102666,14.86,14.85,14.84,14.87,14.88,14.89,40000,15600,15800,24500,31500,35700,14.86
65,139,BRABEVACNOR1BR00,ABEV3,1620233205102688,14.86,14.85,14.84,14.87,14.88,14.89,40000,15600,15800,24500,31500,35700,14.86
66,139,BRABEVACNOR1BR00,ABEV3,1620233205103074,14.86,14.85,14.84,14.87,14.88,14.89,40100,15600,15800,24500,31500,35700,14.86
67,139,BRABEVACNOR1BR00,ABEV3,1620233205103093,14.86,14.85,14.84,14.87,14.88,14.89,40100,15600,15800,24500,31500,35700,14.86
68,139,BRABEVACNOR1BR00,ABEV3,1620233205192226,14.86,14.85,14.84,14.87,14.88,14.89,40100,15600,15800,24900,31500,35700,14.86
69,139,BRABEVACNOR1BR00,ABEV3,1620233205192243,14.86,14.85,14.84,14.87,14.88,14.89,40100,15600,15800,24900,31500,35700,14.86
70,139,BRABEVACNOR1BR00,ABEV3,1620233205604562,14.86,14.85,14.84,14.87,14.88,14.89,40600,15600,15800,24900,31500,35700,14.86
71,139,BRABEVACNOR1BR00,ABEV3,1620233205604583,14.86,14.85,14.84,14.87,14.88,14.89,40600,15600,15800,24900,31500,35700,14.86
72,139,BRABEVACNOR1BR00,ABEV3,1620233205640746,14.86,14.85,14.84,14.87,14.88,14.89,40600,15600,15800,24800,31500,35700,14.86
73,139,BRABEVACNOR1BR00,ABEV3,1620233205640763,14.86,14.85,14.84,14.87,14.88,14.89,40600,15600,15800,24800,31500,35700,14.86
74,139,BRABEVACNOR1BR00,ABEV3,1620233205772569,14.86,14.85,14.84,14.87,14.88,14.89,40600,15600,15800,25000,31500,35700,14.86
75,139,BRABEVACNOR1BR00,ABEV3,1620233205772590,14.86,14.85,14.84,14.87,14.88,14.89,40600,15600,15800,25000,31500,35700,14.86
76,139,BRABEVACNOR1BR00,ABEV3,1620233206063584,14.86,14.85,14.84,14.87,14.88,14.89,40600,15600,15800,24900,31500,35700,14.87
77,139,BRABEVACNOR1BR00,ABEV3,1620233206063602,14.86,14.85,14.84,14.87,14.88,14.89,40600,15600,15800,24900,31500,35700,14.87
78,139,BRABEVACNOR1BR00,ABEV3,1620233206199631,14.86,14.85,14.84,14.87,14.88,14.89,40700,15600,15800,24900,31500,35700,14.87
79,139,BRABEVACNOR1BR00,ABEV3,1620233206199651,14.86,14.85,14.84,14.87,14.88,14.89,40700,15600,15800,24900,31500,35700,14.87
80,139,BRABEVACNOR1BR00,ABEV3,1620233206247664,14.86,14.85,14.84,14.87,14.88,14.89,40700,15600,15800,22200,31500,35700,14.87
81,139,BRABEVACNOR1BR00,ABEV3,1620233206247690,14.86,14.85,14.84,14.87,14.88,14.89,40700,15600,15800,22200,31500,35700,14.87
82,139,BRABEVACNOR1BR00,ABEV3,1620233206247807,14.86,14.85,14.84,14.87,14.88,14.89,40700,15600,15800,22200,31500,35700,14.87
83,139,BRABEVACNOR1BR00,ABEV3,1620233206247828,14.86,14.85,14.84,14.87,14.88,14.89,40700,15600,15800,22200,31500,35700,14.87
84,139,BRABEVACNOR1BR00,ABEV3,1620233206248008,14.86,14.85,14.84,14.87,14.88,14.89,40700,15600,15800,22200,23500,35700,14.87
85,139,BRABEVACNOR1BR00,ABEV3,1620233206248061,14.86,14.85,14.84,14.87,14.88,14.89,40700,15600,15800,22200,23500,27700,14.87
86,139,BRABEVACNOR1BR00,ABEV3,1620233206248118,14.86,14.85,14.84,14.87,14.88,14.89,40700,15600,15800,22200,23500,27700,14.87
87,139,BRABEVACNOR1BR00,ABEV3,1620233206248147,14.86,14.85,14.84,14.87,14.88,14.89,40700,15600,15800,22200,23500,27700,14.87
88,139,BRABEVACNOR1BR00,ABEV3,1620233206248219,14.86,14.85,14.84,14.87,14.88,14.89,40700,15600,15800,20600,23500,27700,14.87
89,139,BRABEVACNOR1BR00,ABEV3,1620233206248300,14.86,14.85,14.84,14.87,14.88,14.89,40700,15600,15800,19000,23500,27700,14.87
90,139,BRABEVACNOR1BR00,ABEV3,1620233206248434,14.86,14.85,14.84,14.87,14.88,14.89,40700,15600,15800,16900,23500,27700,14.87
91,139,BRABEVACNOR1BR00,ABEV3,1620233206248454,14.86,14.85,14.84,14.87,14.88,14.89,40700,15600,15800,16900,23500,27700,14.87
92,139,BRABEVACNOR1BR00,ABEV3,1620233206249259,14.86,14.85,14.84,14.87,14.88,14.89,40700,15700,15800,16900,23500,27700,14.87
93,139,BRABEVACNOR1BR00,ABEV3,1620233206249277,14.86,14.85,14.84,14.87,14.88,14.89,40700,15700,15800,16900,23500,27700,14.87
94,139,BRABEVACNOR1BR00,ABEV3,1620233206249299,14.86,14.85,14.84,14.87,14.88,14.89,40700,15700,14600,16900,23500,27700,14.87
95,139,BRABEVACNOR1BR00,ABEV3,1620233206249314,14.86,14.85,14.84,14.87,14.88,14.89,40700,15700,14600,16900,23500,27700,14.87
96,139,BRABEVACNOR1BR00,ABEV3,1620233206249536,14.86,14.85,14.84,14.87,14.88,14.89,40700,15700,14600,16900,23500,27600,14.87
97,139,BRABEVACNOR1BR00,ABEV3,1620233206249553,14.86,14.85,14.84,14.87,14.88,14.89,40700,15700,14600,16900,23500,27600,14.87
98,139,BRABEVACNOR1BR00,ABEV3,1620233207489325,14.86,14.85,14.84,14.87,14.88,14.89,40700,15700,13000,16900,23500,27600,14.87
99,139,BRABEVACNOR1BR00,ABEV3,1620233207490491,14.86,14.85,14.84,14.87,14.88,14.89,40700,17000,11500,15500,23500,27600,14.87
100,139,BRABEVACNOR1BR00,ABEV3,1620233220173489,14.86,14.85,14.84,14.87,14.88,14.89,33300,14700,11500,20700,23400,27600,14.87
101,139,BRABEVACNOR1BR00,ABEV3,1620233220173644,14.86,14.85,14.84,14.87,14.88,14.89,33300,14700,11500,4300,23400,27600,14.87
102,139,BRABEVACNOR1BR00,ABEV3,1620233220173673,14.86,14.85,14.84,14.87,14.88,14.89,32500,14700,11500,4300,23400,27600,14.87
103,139,BRABEVACNOR1BR00,ABEV3,1620233220174530,14.86,14.85,14.84,14.87,14.88,14.89,32500,14700,11500,4300,22200,27600,14.87
104,139,BRABEVACNOR1BR00,ABEV3,1620233220174551,14.86,14.85,14.84,14.87,14.88,14.89,32500,14700,11500,4300,22200,27600,14.87
105,139,BRABEVACNOR1BR00,ABEV3,1620233220174588,14.86,14.85,14.84,14.87,14.88,14.89,32500,14700,11500,4300,22200,27500,14.87
106,139,BRABEVACNOR1BR00,ABEV3,1620233220174613,14.86,14.85,14.84,14.87,14.88,14.89,32500,14700,11500,4300,22200,27500,14.87
107,139,BRABEVACNOR1BR00,ABEV3,1620233220175166,14.86,14.85,14.84,14.87,14.88,14.89,32500,14800,11500,4300,22200,27500,14.87
108,139,BRABEVACNOR1BR00,ABEV3,1620233220175190,14.86,14.85,14.84,14.87,14.88,14.89,32500,14800,11500,4300,22200,27500,14.87
109,139,BRABEVACNOR1BR00,ABEV3,1620233220175387,14.86,14.85,14.84,14.87,14.88,14.89,32500,18600,11500,4300,22200,27500,14.87
110,139,BRABEVACNOR1BR00,ABEV3,1620233220175407,14.86,14.85,14.84,14.87,14.88,14.89,32500,18600,11500,4300,22200,27500,14.87
111,139,BRABEVACNOR1BR00,ABEV3,1620233220178216,14.86,14.85,14.84,14.87,14.88,14.89,32500,18600,11500,4300,22200,27500,14.87
112,139,BRABEVACNOR1BR00,ABEV3,1620233220178234,14.86,14.85,14.84,14.87,14.88,14.89,32500,18600,11500,4300,22200,27500,14.87
113,139,BRABEVACNOR1BR00,ABEV3,1620233220180758,14.86,14.85,14.84,14.87,14.88,14.89,32500,18600,11500,5800,22200,27500,14.87
114,139,BRABEVACNOR1BR00,ABEV3,1620233220180776,14.86,14.85,14.84,14.87,14.88,14.89,32500,18600,11500,5800,22200,27500,14.87
115,139,BRABEVACNOR1BR00,ABEV3,1620233220268013,14.86,14.85,14.84,14.87,14.88,14.89,32500,18600,11500,5800,22200,27500,14.87
116,139,BRABEVACNOR1BR00,ABEV3,1620233220268033,14.86,14.85,14.84,14.87,14.88,14.89,32500,18600,11500,5800,22200,27500,14.87
117,139,BRABEVACNOR1BR00,ABEV3,1620233220268968,14.86,14.85,14.84,14.87,14.88,14.89,32500,18600,11000,5800,22200,27500,14.87
118,139,BRABEVACNOR1BR00,ABEV3,1620233220268985,14.86,14.85,14.84,14.87,14.88,14.89,32500,18600,11000,5800,22200,27500,14.87
119,139,BRABEVACNOR1BR00,ABEV3,1620233220269180,14.86,14.85,14.84,14.87,14.88,14.89,40500,18600,11000,5800,22200,27500,14.87
120,139,BRABEVACNOR1BR00,ABEV3,1620233220269197,14.86,14.85,14.84,14.87,14.88,14.89,40500,18600,11000,5800,22200,27500,14.87
121,139,BRABEVACNOR1BR00,ABEV3,1620233220279280,14.86,14.85,14.84,14.87,14.88,14.89,40500,18700,11000,5800,22200,27500,14.87
122,139,BRABEVACNOR1BR00,ABEV3,1620233220279297,14.86,14.85,14.84,14.87,14.88,14.89,40500,18700,11000,5800,22200,27500,14.87
123,139,BRABEVACNOR1BR00,ABEV3,1620233220546734,14.86,14.85,14.84,14.87,14.88,14.89,40500,18700,11000,6000,22200,27500,14.87
124,139,BRABEVACNOR1BR00,ABEV3,1620233220548028,14.86,14.85,14.84,14.87,14.88,14.89,40200,18700,11000,6100,22200,27500,14.87
125,139,BRABEVACNOR1BR00,ABEV3,1620233262788189,14.86,14.85,14.84,14.87,14.88,14.89,41700,18300,11000,3700,22300,17400,14.87
126,139,BRABEVACNOR1BR00,ABEV3,1620233262896817,14.86,14.85,14.84,14.87,14.88,14.89,41800,18300,11000,3700,22300,17400,14.87
127,139,BRABEVACNOR1BR00,ABEV3,1620233262898021,14.86,14.85,14.84,14.87,14.88,14.89,41800,18300,11000,3800,22300,17400,14.87
128,139,BRABEVACNOR1BR00,ABEV3,1620233264047249,14.87,14.86,14.85,14.88,14.89,14.9,800,41800,18300,22300,17400,45000,14.87
129,139,BRABEVACNOR1BR00,ABEV3,1620233264047300,14.87,14.86,14.85,14.88,14.89,14.9,800,41800,18300,22300,17400,45000,14.87
130,139,BRABEVACNOR1BR00,ABEV3,1620233264050862,14.87,14.86,14.85,14.88,14.89,14.9,800,41800,11600,20700,17400,45400,14.87
131,139,BRABEVACNOR1BR00,ABEV3,1620233264053098,14.87,14.86,14.85,14.88,14.89,14.9,800,41800,11600,20700,17400,45400,14.87
132,139,BRABEVACNOR1BR00,ABEV3,1620233264053118,14.87,14.86,14.85,14.88,14.89,14.9,800,41800,11600,20700,17400,45400,14.87
133,139,BRABEVACNOR1BR00,ABEV3,1620233264054045,14.87,14.86,14.85,14.88,14.89,14.9,800,41800,11500,20700,17400,45400,14.87
134,139,BRABEVACNOR1BR00,ABEV3,1620233264054068,14.87,14.86,14.85,14.88,14.89,14.9,800,41800,11500,20700,17400,45400,14.87
135,139,BRABEVACNOR1BR00,ABEV3,1620233264054262,14.87,14.86,14.85,14.88,14.89,14.9,800,41800,11500,20700,12500,45400,14.87
136,139,BRABEVACNOR1BR00,ABEV3,1620233264054284,14.87,14.86,14.85,14.88,14.89,14.9,800,41800,11500,20700,12500,45400,14.87
137,139,BRABEVACNOR1BR00,ABEV3,1620233264060118,14.87,14.86,14.85,14.88,14.89,14.9,8800,41800,11500,20700,12500,45400,14.87
138,139,BRABEVACNOR1BR00,ABEV3,1620233264060144,14.87,14.86,14.85,14.88,14.89,14.9,8800,41800,11500,20700,12500,45400,14.87
139,139,BRABEVACNOR1BR00,ABEV3,1620233264061185,14.87,14.86,14.85,14.88,14.89,14.9,8800,41800,10200,20700,12500,45400,14.87
140,139,BRABEVACNOR1BR00,ABEV3,1620233264061206,14.87,14.86,14.85,14.88,14.89,14.9,8800,41800,10200,20700,12500,45400,14.87
141,139,BRABEVACNOR1BR00,ABEV3,1620233264061442,14.87,14.86,14.85,14.88,14.89,14.9,8800,41900,10200,20700,12500,45400,14.87
142,139,BRABEVACNOR1BR00,ABEV3,1620233264061460,14.87,14.86,14.85,14.88,14.89,14.9,8800,41900,10200,20700,12500,45400,14.87
143,139,BRABEVACNOR1BR00,ABEV3,1620233264071769,14.87,14.86,14.85,14.88,14.89,14.9,8800,41900,10200,20700,12500,45400,14.87
144,139,BRABEVACNOR1BR00,ABEV3,1620233264071800,14.87,14.86,14.85,14.88,14.89,14.9,8800,41900,10200,20700,12100,45400,14.87
145,139,BRABEVACNOR1BR00,ABEV3,1620233264149370,14.87,14.86,14.85,14.88,14.89,14.9,8800,42000,10200,20700,12100,45400,14.87
146,139,BRABEVACNOR1BR00,ABEV3,1620233264149408,14.87,14.86,14.85,14.88,14.89,14.9,8800,42000,10200,20700,12100,45400,14.87
147,139,BRABEVACNOR1BR00,ABEV3,1620233264149419,14.87,14.86,14.85,14.88,14.89,14.9,8800,42000,10200,20700,12200,45400,14.87
148,139,BRABEVACNOR1BR00,ABEV3,1620233264149437,14.87,14.86,14.85,14.88,14.89,14.9,8800,42000,10200,20700,12200,45400,14.87
149,139,BRABEVACNOR1BR00,ABEV3,1620233264150471,14.87,14.86,14.85,14.88,14.89,14.9,8800,45800,6400,20700,12200,45400,14.87
150,139,BRABEVACNOR1BR00,ABEV3,1620233264150493,14.87,14.86,14.85,14.88,14.89,14.9,8800,45800,6400,20700,12200,45400,14.87
151,139,BRABEVACNOR1BR00,ABEV3,1620233264163518,14.87,14.86,14.85,14.88,14.89,14.9,8800,45800,6400,16800,12200,45400,14.87
152,139,BRABEVACNOR1BR00,ABEV3,1620233264163537,14.87,14.86,14.85,14.88,14.89,14.9,8800,45800,6400,16800,12200,45400,14.87
153,139,BRABEVACNOR1BR00,ABEV3,1620233264179458,14.87,14.86,14.85,14.88,14.89,14.9,8900,45700,6400,16800,12200,45400,14.87
154,139,BRABEVACNOR1BR00,ABEV3,1620233264179477,14.87,14.86,14.85,14.88,14.89,14.9,8900,45700,6400,16800,12200,45400,14.87
155,139,BRABEVACNOR1BR00,ABEV3,1620233264321914,14.87,14.86,14.85,14.88,14.89,14.9,11300,43300,6400,16800,12200,45400,14.87
156,139,BRABEVACNOR1BR00,ABEV3,1620233264321932,14.87,14.86,14.85,14.88,14.89,14.9,11300,43300,6400,16800,12200,45400,14.87
157,139,BRABEVACNOR1BR00,ABEV3,1620233264321986,14.87,14.86,14.85,14.88,14.89,14.9,13900,40700,6400,16800,12200,45400,14.87
158,139,BRABEVACNOR1BR00,ABEV3,1620233264322004,14.87,14.86,14.85,14.88,14.89,14.9,13900,40700,6400,16800,12200,45400,14.87
159,139,BRABEVACNOR1BR00,ABEV3,1620233264322961,14.87,14.86,14.85,14.88,14.89,14.9,15400,40700,6400,16800,12200,45400,14.87
160,139,BRABEVACNOR1BR00,ABEV3,1620233264322980,14.87,14.86,14.85,14.88,14.89,14.9,15400,40700,6400,16800,12200,45400,14.87
161,139,BRABEVACNOR1BR00,ABEV3,1620233264323963,14.87,14.86,14.85,14.88,14.89,14.9,16900,40700,6400,16800,12200,45400,14.87
162,139,BRABEVACNOR1BR00,ABEV3,1620233264323981,14.87,14.86,14.85,14.88,14.89,14.9,16900,40700,6400,16800,12200,45400,14.87
163,139,BRABEVACNOR1BR00,ABEV3,1620233264835215,14.87,14.86,14.85,14.88,14.89,14.9,16900,16300,6400,16800,12200,45400,14.87
164,139,BRABEVACNOR1BR00,ABEV3,1620233264836461,14.87,14.86,14.85,14.88,14.89,14.9,16900,16300,6400,16900,12200,45400,14.87
165,139,BRABEVACNOR1BR00,ABEV3,1620233280355799,14.87,14.86,14.85,14.88,14.89,14.9,39500,14500,5300,15700,10800,28300,14.88
166,139,BRABEVACNOR1BR00,ABEV3,1620233280355817,14.87,14.86,14.85,14.89,14.9,14.91,38700,14500,5300,10800,28300,48000,14.88
167,139,BRABEVACNOR1BR00,ABEV3,1620233280355847,14.87,14.86,14.85,14.89,14.9,14.91,38700,14500,5300,10800,28300,48000,14.88
168,139,BRABEVACNOR1BR00,ABEV3,1620233280357195,14.87,14.86,14.85,14.89,14.9,14.91,38700,14500,5300,10800,28300,46500,14.88
169,139,BRABEVACNOR1BR00,ABEV3,1620233280357218,14.87,14.86,14.85,14.89,14.9,14.91,38700,14500,5300,10800,28300,46500,14.88
170,139,BRABEVACNOR1BR00,ABEV3,1620233280357301,14.87,14.86,14.85,14.89,14.9,14.91,38700,14700,5300,10800,28300,46500,14.88
171,139,BRABEVACNOR1BR00,ABEV3,1620233280357331,14.87,14.86,14.85,14.89,14.9,14.91,38700,14700,5300,10800,28300,46500,14.88
172,139,BRABEVACNOR1BR00,ABEV3,1620233280357426,14.87,14.86,14.85,14.89,14.9,14.91,38700,6700,5300,10800,28300,46500,14.88
173,139,BRABEVACNOR1BR00,ABEV3,1620233280357454,14.87,14.86,14.85,14.89,14.9,14.91,38700,6700,5300,10800,28300,46500,14.88
174,139,BRABEVACNOR1BR00,ABEV3,1620233280358577,14.87,14.86,14.85,14.89,14.9,14.91,38700,6700,5300,9300,28300,46500,14.88
175,139,BRABEVACNOR1BR00,ABEV3,1620233280358597,14.87,14.86,14.85,14.89,14.9,14.91,38700,6700,5300,9300,28300,46500,14.88
176,139,BRABEVACNOR1BR00,ABEV3,1620233280359751,14.88,14.87,14.86,14.89,14.9,14.91,8000,38700,6700,9300,28300,46500,14.88
177,139,BRABEVACNOR1BR00,ABEV3,1620233280361415,14.88,14.87,14.86,14.89,14.9,14.91,8000,42600,4100,9300,28300,46500,14.88
178,139,BRABEVACNOR1BR00,ABEV3,1620233280764111,14.87,14.86,14.85,14.88,14.89,14.9,38700,15700,5300,100,13600,28400,14.88
179,139,BRABEVACNOR1BR00,ABEV3,1620233280764149,14.87,14.86,14.85,14.88,14.89,14.9,38700,15700,5300,100,13600,28400,14.88
180,139,BRABEVACNOR1BR00,ABEV3,1620233285639663,14.88,14.87,14.86,14.89,14.9,14.91,19100,12800,3300,3000,24900,30200,14.89
181,139,BRABEVACNOR1BR00,ABEV3,1620233285650229,14.88,14.87,14.86,14.89,14.9,14.91,19100,12800,3300,3000,24900,26300,14.89
182,139,BRABEVACNOR1BR00,ABEV3,1620233285650251,14.88,14.87,14.86,14.89,14.9,14.91,19100,12800,3300,3000,24900,26300,14.89
183,139,BRABEVACNOR1BR00,ABEV3,1620233285686649,14.88,14.87,14.86,14.89,14.9,14.91,19100,12800,3300,3200,24900,26300,14.89
184,139,BRABEVACNOR1BR00,ABEV3,1620233285699820,14.88,14.87,14.86,14.89,14.9,14.91,19100,12800,3300,2900,24900,26300,14.89
185,139,BRABEVACNOR1BR00,ABEV3,1620233306077628,14.88,14.87,14.86,14.89,14.9,14.91,24700,13700,1700,2100,17300,16300,14.89
186,139,BRABEVACNOR1BR00,ABEV3,1620233306466562,14.88,14.87,14.86,14.89,14.9,14.91,24700,13700,1700,2000,17300,16300,14.89
187,139,BRABEVACNOR1BR00,ABEV3,1620233306467746,14.88,14.87,14.86,14.89,14.9,14.91,24700,13700,1700,2100,17300,16300,14.89
188,139,BRABEVACNOR1BR00,ABEV3,1620233318793803,14.88,14.87,14.86,14.89,14.9,14.91,26500,17100,5200,6000,21000,26300,14.89
189,139,BRABEVACNOR1BR00,ABEV3,1620233318806151,14.88,14.87,14.86,14.89,14.9,14.91,26500,17100,5200,5500,21000,26300,14.89
190,139,BRABEVACNOR1BR00,ABEV3,1620233318807356,14.88,14.87,14.86,14.89,14.9,14.91,26500,17100,5200,5600,21000,26300,14.89
191,139,BRABEVACNOR1BR00,ABEV3,1620233332668364,14.88,14.87,14.86,14.89,14.9,14.91,30200,17600,5000,600,21000,23900,14.89
192,139,BRABEVACNOR1BR00,ABEV3,1620233334172587,14.88,14.87,14.86,14.89,14.9,14.91,30200,17600,5000,500,21000,23900,14.89
193,139,BRABEVACNOR1BR00,ABEV3,1620233334174147,14.88,14.87,14.86,14.89,14.9,14.91,30200,17600,5000,600,21000,23900,14.89
194,139,BRABEVACNOR1BR00,ABEV3,1620233336122455,14.88,14.87,14.86,14.89,14.9,14.91,30200,17600,5000,2200,21000,23900,14.89
195,139,BRABEVACNOR1BR00,ABEV3,1620233336263653,14.88,14.87,14.86,14.89,14.9,14.91,30200,17600,5000,1500,21000,23900,14.89
196,139,BRABEVACNOR1BR00,ABEV3,1620233336265083,14.88,14.87,14.86,14.89,14.9,14.91,30200,17600,5000,1600,21000,23900,14.89
197,139,BRABEVACNOR1BR00,ABEV3,1620233337407715,14.87,14.86,14.85,14.88,14.89,14.9,17600,5000,24800,35500,1200,21000,14.88
198,139,BRABEVACNOR1BR00,ABEV3,1620233337410339,14.87,14.86,14.85,14.88,14.89,14.9,2200,5000,24800,35600,3600,21000,14.88
199,139,BRABEVACNOR1BR00,ABEV3,1620233340141109,14.87,14.86,14.85,14.89,14.9,14.91,18000,5500,24800,1500,21000,23900,14.88
200,139,BRABEVACNOR1BR00,ABEV3,1620233340141194,14.87,14.86,14.85,14.89,14.9,14.91,18000,5500,24800,1500,21000,23900,14.88
201,139,BRABEVACNOR1BR00,ABEV3,1620233340141696,14.88,14.87,14.86,14.89,14.9,14.91,1100,18000,5500,1500,21000,23900,14.88
202,139,BRABEVACNOR1BR00,ABEV3,1620233340143853,14.88,14.87,14.86,14.89,14.9,14.91,3400,10000,5500,1400,21000,23900,14.88
203,139,BRABEVACNOR1BR00,ABEV3,1620233368367890,14.88,14.87,14.86,14.89,14.9,14.91,20600,9400,4500,100,22100,23900,14.89
204,139,BRABEVACNOR1BR00,ABEV3,1620233368368947,14.88,14.87,14.86,14.89,14.9,14.91,20600,9400,4500,100,22100,23900,14.89
205,139,BRABEVACNOR1BR00,ABEV3,1620233368369172,14.88,14.87,14.86,14.89,14.9,14.91,20600,9400,4500,100,22100,23900,14.89
206,139,BRABEVACNOR1BR00,ABEV3,1620233368393401,14.88,14.87,14.86,14.89,14.9,14.91,20600,10600,4500,1200,21800,23900,14.89
207,139,BRABEVACNOR1BR00,ABEV3,1620233374326776,14.88,14.87,14.86,14.89,14.9,14.91,20100,10100,4900,6300,17700,23900,14.89
208,139,BRABEVACNOR1BR00,ABEV3,1620233374468213,14.88,14.87,14.86,14.89,14.9,14.91,20100,10100,4900,6500,17700,23900,14.89
209,139,BRABEVACNOR1BR00,ABEV3,1620233374469561,14.88,14.87,14.86,14.89,14.9,14.91,20100,10100,4900,6600,17700,23900,14.89
210,139,BRABEVACNOR1BR00,ABEV3,1620233378799862,14.88,14.87,14.86,14.89,14.9,14.91,22500,10100,4900,2500,18200,23900,14.89
211,139,BRABEVACNOR1BR00,ABEV3,1620233378812428,14.88,14.87,14.86,14.89,14.9,14.91,22500,10100,4900,2100,18200,23900,14.89
212,139,BRABEVACNOR1BR00,ABEV3,1620233378813579,14.88,14.87,14.86,14.89,14.9,14.91,22500,10100,4900,2200,18200,23900,14.89
213,139,BRABEVACNOR1BR00,ABEV3,1620233381271875,14.88,14.87,14.86,14.89,14.9,14.91,22500,10100,4900,900,18200,23900,14.89
214,139,BRABEVACNOR1BR00,ABEV3,1620233381298321,14.88,14.87,14.86,14.89,14.9,14.91,21400,10100,4900,900,18200,23900,14.89
215,139,BRABEVACNOR1BR00,ABEV3,1620233381301282,14.89,14.88,14.87,14.9,14.91,14.92,200,21400,10100,18200,23900,39200,14.89
216,139,BRABEVACNOR1BR00,ABEV3,1620233381301499,14.89,14.88,14.87,14.9,14.91,14.92,200,21400,10100,18200,23900,39200,14.89
217,139,BRABEVACNOR1BR00,ABEV3,1620233381303081,14.88,14.87,14.86,14.9,14.91,14.92,21400,10100,4900,18200,23900,39200,14.89
218,139,BRABEVACNOR1BR00,ABEV3,1620233381308238,14.88,14.87,14.86,14.89,14.9,14.91,21400,10100,4900,2400,18200,23500,14.89
219,139,BRABEVACNOR1BR00,ABEV3,1620233381308529,14.88,14.87,14.86,14.89,14.9,14.91,21400,10100,4900,2400,26100,23500,14.89
220,139,BRABEVACNOR1BR00,ABEV3,1620233381310302,14.88,14.87,14.86,14.89,14.9,14.91,21400,10100,4900,2500,26000,23500,14.89
221,139,BRABEVACNOR1BR00,ABEV3,1620233382185970,14.89,14.88,14.87,14.9,14.91,14.92,1100,22000,10100,26100,23900,39200,14.89
222,139,BRABEVACNOR1BR00,ABEV3,1620233382185999,14.89,14.88,14.87,14.9,14.91,14.92,1100,22000,10100,26100,23900,39200,14.89
223,139,BRABEVACNOR1BR00,ABEV3,1620233382200870,14.88,14.87,14.86,14.9,14.91,14.92,22000,10100,4900,26000,23900,39200,14.89
224,139,BRABEVACNOR1BR00,ABEV3,1620233382201985,14.88,14.87,14.86,14.9,14.91,14.92,22000,10100,4900,26000,23500,39200,14.89
225,139,BRABEVACNOR1BR00,ABEV3,1620233382211171,14.88,14.87,14.86,14.89,14.9,14.91,22000,10100,4900,1100,26100,23500,14.89
226,139,BRABEVACNOR1BR00,ABEV3,1620233382270397,14.88,14.87,14.86,14.89,14.9,14.91,22000,10100,4900,1100,26000,23500,14.9
227,139,BRABEVACNOR1BR00,ABEV3,1620233382271807,14.88,14.87,14.86,14.89,14.9,14.91,22000,10100,4900,1200,25900,23500,14.9
228,139,BRABEVACNOR1BR00,ABEV3,1620233398776047,14.87,14.86,14.85,14.88,14.89,14.9,6100,8200,26100,1100,3200,26000,14.88
229,139,BRABEVACNOR1BR00,ABEV3,1620233398778335,14.87,14.86,14.85,14.88,14.89,14.9,3700,4500,25400,2400,4300,26100,14.88
230,139,BRABEVACNOR1BR00,ABEV3,1620233398785271,14.87,14.86,14.85,14.88,14.89,14.9,3700,4500,25400,100,3100,26100,14.88
231,139,BRABEVACNOR1BR00,ABEV3,1620233398786746,14.87,14.86,14.85,14.89,14.9,14.91,3700,4500,25400,3200,26100,23900,14.88
232,139,BRABEVACNOR1BR00,ABEV3,1620233398884622,14.86,14.85,14.84,14.88,14.89,14.9,8300,25400,18900,1300,4300,26100,14.87
233,139,BRABEVACNOR1BR00,ABEV3,1620233398890012,14.86,14.85,14.84,14.88,14.89,14.9,4900,25400,18900,3900,4200,26100,14.87
234,139,BRABEVACNOR1BR00,ABEV3,1620233398892297,14.86,14.85,14.84,14.87,14.88,14.89,800,25400,18900,1300,3900,12100,14.86
235,139,BRABEVACNOR1BR00,ABEV3,1620233398894151,14.86,14.85,14.84,14.87,14.88,14.89,400,25400,20100,2600,3800,12200,14.86
236,139,BRABEVACNOR1BR00,ABEV3,1620233398908085,14.85,14.84,14.83,14.86,14.87,14.88,21900,20100,10800,1200,32500,3900,14.86
237,139,BRABEVACNOR1BR00,ABEV3,1620233398909411,14.85,14.84,14.83,14.86,14.87,14.88,21800,19400,10800,1200,32500,3900,14.86
238,139,BRABEVACNOR1BR00,ABEV3,1620233398958691,14.85,14.84,14.83,14.86,14.87,14.88,18700,18200,11500,100,32400,6100,14.85
239,139,BRABEVACNOR1BR00,ABEV3,1620233398959796,14.85,14.84,14.83,14.87,14.88,14.89,18700,18200,11500,32500,6100,11400,14.85
240,139,BRABEVACNOR1BR00,ABEV3,1620233398967693,14.85,14.84,14.83,14.86,14.87,14.88,14100,18200,11500,1100,32500,6100,14.85
241,139,BRABEVACNOR1BR00,ABEV3,1620233398968766,14.85,14.84,14.83,14.86,14.87,14.88,14100,18200,11500,1200,32400,6100,14.85
242,139,BRABEVACNOR1BR00,ABEV3,1620233399000145,14.85,14.84,14.83,14.86,14.87,14.88,17100,18200,15200,100,32400,6200,14.85
243,139,BRABEVACNOR1BR00,ABEV3,1620233399001279,14.85,14.84,14.83,14.87,14.88,14.89,17100,18200,15200,32500,6200,11400,14.85
244,139,BRABEVACNOR1BR00,ABEV3,1620233399156816,14.85,14.84,14.83,14.86,14.87,14.88,17200,22000,11500,2300,3600,6200,14.86
245,139,BRABEVACNOR1BR00,ABEV3,1620233399158220,14.85,14.84,14.83,14.86,14.87,14.88,17100,18300,11500,2400,3500,6200,14.86
246,139,BRABEVACNOR1BR00,ABEV3,1620233399207064,14.85,14.84,14.83,14.86,14.87,14.88,17100,18300,15200,100,3900,6200,14.86
247,139,BRABEVACNOR1BR00,ABEV3,1620233399208213,14.85,14.84,14.83,14.87,14.88,14.89,17100,18300,15200,4000,6200,13100,14.86
248,139,BRABEVACNOR1BR00,ABEV3,1620233399621656,14.85,14.84,14.83,14.86,14.87,14.88,13500,23200,11500,1500,3100,5900,14.86
249,139,BRABEVACNOR1BR00,ABEV3,1620233399623091,14.85,14.84,14.83,14.86,14.87,14.88,13400,19500,11500,1600,1800,5900,14.86
250,139,BRABEVACNOR1BR00,ABEV3,1620233399623620,14.85,14.84,14.83,14.86,14.87,14.88,13400,19500,11500,100,1800,5900,14.86
251,139,BRABEVACNOR1BR00,ABEV3,1620233399624007,14.85,14.84,14.83,14.87,14.88,14.89,13400,19500,11500,1800,5900,11700,14.86
252,139,BRABEVACNOR1BR00,ABEV3,1620233399624066,14.85,14.84,14.83,14.87,14.88,14.89,13400,19500,15200,1800,5900,11700,14.86
253,139,BRABEVACNOR1BR00,ABEV3,1620233399625430,14.86,14.85,14.84,14.87,14.88,14.89,1100,14600,23200,3000,5900,11700,14.86
254,139,BRABEVACNOR1BR00,ABEV3,1620233400436051,14.85,14.84,14.83,14.86,14.87,14.88,8600,23200,11500,2800,4100,5900,14.86
255,139,BRABEVACNOR1BR00,ABEV3,1620233400437715,14.85,14.84,14.83,14.86,14.87,14.88,8500,19500,11500,2900,4000,5900,14.86
256,139,BRABEVACNOR1BR00,ABEV3,1620233400545134,14.85,14.84,14.83,14.87,14.88,14.89,7000,18300,15300,4100,5900,12000,14.86
257,139,BRABEVACNOR1BR00,ABEV3,1620233400545352,14.85,14.84,14.83,14.87,14.88,14.89,11200,18300,15300,4100,5900,12000,14.86
258,139,BRABEVACNOR1BR00,ABEV3,1620233400546197,14.85,14.84,14.83,14.87,14.88,14.89,11200,18300,15300,4100,5900,12000,14.86
259,139,BRABEVACNOR1BR00,ABEV3,1620233400547691,14.86,14.85,14.84,14.87,14.88,14.89,2200,11200,22100,4100,5900,12000,14.86
260,139,BRABEVACNOR1BR00,ABEV3,1620233401052154,14.86,14.85,14.84,14.87,14.88,14.89,5100,3700,19500,2500,5900,12000,14.87
261,429,BRALPAACNPR7BR00,ALPA4,1620233204779572,46.97,46.96,46.95,46.98,46.99,47.0,6400,100,600,1000,600,1800,46.98
262,429,BRALPAACNPR7BR00,ALPA4,1620233204779590,46.97,46.96,46.95,46.98,46.99,47.0,6400,100,600,1000,600,1800,46.98
263,429,BRALPAACNPR7BR00,ALPA4,1620233205281897,46.97,46.96,46.95,46.98,46.99,47.0,6400,100,500,1000,600,1800,46.98
264,429,BRALPAACNPR7BR00,ALPA4,1620233205281914,46.97,46.96,46.95,46.98,46.99,47.0,6400,100,500,1000,600,1800,46.98
265,429,BRALPAACNPR7BR00,ALPA4,1620233205283225,46.97,46.96,46.95,46.98,46.99,47.0,6400,200,500,1000,600,1800,46.98
266,429,BRALPAACNPR7BR00,ALPA4,1620233205283244,46.97,46.96,46.95,46.98,46.99,47.0,6400,200,500,1000,600,1800,46.98
267,429,BRALPAACNPR7BR00,ALPA4,1620233207780898,46.97,46.96,46.95,46.98,46.99,47.0,6500,100,500,1000,600,1800,46.98
268,429,BRALPAACNPR7BR00,ALPA4,1620233207780917,46.97,46.96,46.95,46.98,46.99,47.0,6500,100,500,1000,600,1800,46.98
269,429,BRALPAACNPR7BR00,ALPA4,1620233208284466,46.97,46.96,46.95,46.98,46.99,47.0,6500,100,500,1100,600,1800,46.98
270,429,BRALPAACNPR7BR00,ALPA4,1620233208284487,46.97,46.96,46.95,46.98,46.99,47.0,6500,100,500,1100,600,1800,46.98
271,429,BRALPAACNPR7BR00,ALPA4,1620233208287183,46.97,46.96,46.95,46.98,46.99,47.0,6800,100,500,1100,600,1800,46.98
272,429,BRALPAACNPR7BR00,ALPA4,1620233208287202,46.97,46.96,46.95,46.98,46.99,47.0,6800,100,500,1100,600,1800,46.98
273,429,BRALPAACNPR7BR00,ALPA4,1620233208287302,46.97,46.96,46.95,46.98,46.99,47.0,10600,100,500,1100,600,1800,46.98
274,429,BRALPAACNPR7BR00,ALPA4,1620233208287328,46.97,46.96,46.95,46.98,46.99,47.0,10600,100,500,1100,600,1800,46.98
275,429,BRALPAACNPR7BR00,ALPA4,1620233208287346,46.97,46.96,46.95,46.98,46.99,47.0,10700,100,500,1100,600,1800,46.98
276,429,BRALPAACNPR7BR00,ALPA4,1620233208287364,46.97,46.96,46.95,46.98,46.99,47.0,10700,100,500,1100,600,1800,46.98
277,429,BRALPAACNPR7BR00,ALPA4,1620233208287943,46.97,46.96,46.95,46.98,46.99,47.0,10700,100,500,1000,600,1800,46.98
278,429,BRALPAACNPR7BR00,ALPA4,1620233208287962,46.97,46.96,46.95,46.98,46.99,47.0,10700,100,500,1000,600,1800,46.98
279,429,BRALPAACNPR7BR00,ALPA4,1620233208288144,46.97,46.96,46.95,46.98,46.99,47.0,10700,100,500,1000,500,1800,46.98
280,429,BRALPAACNPR7BR00,ALPA4,1620233208288162,46.97,46.96,46.95,46.98,46.99,47.0,10700,100,500,1000,500,1800,46.98
281,429,BRALPAACNPR7BR00,ALPA4,1620233208288199,46.97,46.96,46.95,46.98,46.99,47.0,10700,100,600,1000,500,1800,46.98
282,429,BRALPAACNPR7BR00,ALPA4,1620233208288215,46.97,46.96,46.95,46.98,46.99,47.0,10700,100,600,1000,500,1800,46.98
283,429,BRALPAACNPR7BR00,ALPA4,1620233208288719,46.97,46.96,46.95,46.99,47.0,47.01,10700,100,600,500,1800,300,46.98
284,429,BRALPAACNPR7BR00,ALPA4,1620233208288736,46.97,46.96,46.95,46.99,47.0,47.01,10700,100,600,500,1800,300,46.98
285,429,BRALPAACNPR7BR00,ALPA4,1620233208288775,46.97,46.96,46.95,47.0,47.01,47.02,10700,100,600,1800,300,1100,46.99
286,429,BRALPAACNPR7BR00,ALPA4,1620233208288791,46.97,46.96,46.95,47.0,47.01,47.02,10700,100,600,1800,300,1100,46.99
287,429,BRALPAACNPR7BR00,ALPA4,1620233208289250,46.97,46.96,46.95,47.0,47.01,47.02,10700,100,600,1900,300,1100,46.99
288,429,BRALPAACNPR7BR00,ALPA4,1620233208289267,46.97,46.96,46.95,47.0,47.01,47.02,10700,100,600,1900,300,1100,46.99
289,429,BRALPAACNPR7BR00,ALPA4,1620233208289393,46.97,46.96,46.95,47.0,47.01,47.02,10700,100,600,1500,300,1100,46.99
290,429,BRALPAACNPR7BR00,ALPA4,1620233208289414,46.97,46.96,46.95,47.0,47.01,47.02,10700,100,600,1500,300,1100,46.99
291,429,BRALPAACNPR7BR00,ALPA4,1620233208289792,46.97,46.96,46.95,46.99,47.0,47.01,10700,100,600,100,1500,300,46.99
292,429,BRALPAACNPR7BR00,ALPA4,1620233208289813,46.97,46.96,46.95,46.99,47.0,47.01,10700,100,600,100,1500,300,46.99
293,429,BRALPAACNPR7BR00,ALPA4,1620233208290561,46.97,46.96,46.95,46.99,47.0,47.01,10700,100,600,100,1500,300,46.99
294,429,BRALPAACNPR7BR00,ALPA4,1620233208290586,46.97,46.96,46.95,46.99,47.0,47.01,10700,100,600,100,1400,300,46.99
295,429,BRALPAACNPR7BR00,ALPA4,1620233208290814,46.97,46.96,46.95,47.0,47.01,47.02,10700,100,600,1400,300,1100,46.99
296,429,BRALPAACNPR7BR00,ALPA4,1620233208290834,46.97,46.96,46.95,47.0,47.01,47.02,10700,100,600,1400,300,1100,46.99
297,429,BRALPAACNPR7BR00,ALPA4,1620233208291085,46.97,46.96,46.95,47.0,47.01,47.02,10700,100,600,500,300,1100,47.0
298,429,BRALPAACNPR7BR00,ALPA4,1620233208291103,46.97,46.96,46.95,47.0,47.01,47.02,10700,100,600,500,300,1100,47.0
299,429,BRALPAACNPR7BR00,ALPA4,1620233208291973,46.98,46.97,46.96,47.0,47.01,47.02,400,10700,100,500,300,1100,47.0
300,429,BRALPAACNPR7BR00,ALPA4,1620233208291991,46.98,46.97,46.96,47.0,47.01,47.02,400,10700,100,500,300,1100,47.0
301,429,BRALPAACNPR7BR00,ALPA4,1620233208292035,46.98,46.97,46.96,47.0,47.01,47.02,400,10700,100,600,300,1100,47.0
302,429,BRALPAACNPR7BR00,ALPA4,1620233208292054,46.98,46.97,46.96,47.0,47.01,47.02,400,10700,100,600,300,1100,47.0
303,429,BRALPAACNPR7BR00,ALPA4,1620233208292770,46.98,46.97,46.96,47.0,47.01,47.02,400,10700,100,500,300,1100,47.0
304,429,BRALPAACNPR7BR00,ALPA4,1620233208292793,46.98,46.97,46.96,47.0,47.01,47.02,400,10700,100,500,300,1100,47.0
305,429,BRALPAACNPR7BR00,ALPA4,1620233208293754,46.98,46.97,46.96,47.0,47.01,47.02,400,10700,100,600,300,1100,47.0
306,429,BRALPAACNPR7BR00,ALPA4,1620233208293772,46.98,46.97,46.96,47.0,47.01,47.02,400,10700,100,600,300,1100,47.0
307,429,BRALPAACNPR7BR00,ALPA4,1620233208305815,46.98,46.97,46.96,46.99,47.0,47.01,400,10700,100,100,600,300,47.0
308,429,BRALPAACNPR7BR00,ALPA4,1620233208305835,46.98,46.97,46.96,46.99,47.0,47.01,400,10700,100,100,600,300,47.0
309,429,BRALPAACNPR7BR00,ALPA4,1620233208306471,46.97,46.96,46.95,46.99,47.0,47.01,10700,100,600,100,600,300,47.0
310,429,BRALPAACNPR7BR00,ALPA4,1620233208306501,46.97,46.96,46.95,46.99,47.0,47.01,10700,100,600,100,600,300,47.0
311,429,BRALPAACNPR7BR00,ALPA4,1620233211313734,46.97,46.95,46.93,46.99,47.0,47.01,10700,600,900,100,600,300,47.0
312,429,BRALPAACNPR7BR00,ALPA4,1620233211313753,46.97,46.95,46.93,46.99,47.0,47.01,10700,600,900,100,600,300,47.0
313,429,BRALPAACNPR7BR00,ALPA4,1620233211315058,46.97,46.95,46.93,46.99,47.0,47.01,10700,700,900,100,600,300,47.0
314,429,BRALPAACNPR7BR00,ALPA4,1620233211315076,46.97,46.95,46.93,46.99,47.0,47.01,10700,700,900,100,600,300,47.0
315,429,BRALPAACNPR7BR00,ALPA4,1620233211406413,46.97,46.95,46.93,46.99,47.0,47.01,11000,700,900,100,600,300,47.0
316,429,BRALPAACNPR7BR00,ALPA4,1620233211418173,46.97,46.95,46.93,46.99,47.0,47.01,11000,700,900,200,600,300,47.0
317,429,BRALPAACNPR7BR00,ALPA4,1620233211430892,46.97,46.95,46.93,47.0,47.01,47.02,11000,700,900,600,300,1100,46.99
318,511,BRALSOACNOR5BR00,ALSO3,1620233206496542,26.67,26.66,26.65,26.71,26.72,26.73,400,1100,2400,2600,900,1000,26.67
319,511,BRALSOACNOR5BR00,ALSO3,1620233206496554,26.67,26.66,26.65,26.71,26.72,26.73,400,1100,2400,2600,900,1000,26.67
320,511,BRALSOACNOR5BR00,ALSO3,1620233206497327,26.67,26.66,26.65,26.71,26.72,26.73,400,1100,2400,2700,900,1000,26.67
321,511,BRALSOACNOR5BR00,ALSO3,1620233206497345,26.67,26.66,26.65,26.71,26.72,26.73,400,1100,2400,2700,900,1000,26.67
322,511,BRALSOACNOR5BR00,ALSO3,1620233206500719,26.67,26.66,26.65,26.71,26.72,26.73,100,1100,2400,2700,900,1000,26.67
323,511,BRALSOACNOR5BR00,ALSO3,1620233206500742,26.67,26.66,26.65,26.71,26.72,26.73,100,1100,2400,2700,900,1000,26.67
324,511,BRALSOACNOR5BR00,ALSO3,1620233206501420,26.66,26.65,26.64,26.71,26.72,26.73,1100,2400,1400,2700,900,1000,26.67
325,511,BRALSOACNOR5BR00,ALSO3,1620233206501445,26.66,26.65,26.64,26.71,26.72,26.73,1100,2400,1400,2700,900,1000,26.67
326,511,BRALSOACNOR5BR00,ALSO3,1620233206502280,26.66,26.65,26.64,26.71,26.72,26.73,1100,1000,1400,2700,900,1000,26.67
327,511,BRALSOACNOR5BR00,ALSO3,1620233206502304,26.66,26.65,26.64,26.71,26.72,26.73,1100,1000,1400,2700,900,1000,26.67
328,511,BRALSOACNOR5BR00,ALSO3,1620233206502550,26.66,26.65,26.64,26.71,26.72,26.73,1100,1000,1400,2700,900,1000,26.67
329,511,BRALSOACNOR5BR00,ALSO3,1620233206502573,26.66,26.65,26.64,26.71,26.72,26.73,1100,1000,1400,2700,900,1000,26.67
330,511,BRALSOACNOR5BR00,ALSO3,1620233206502590,26.66,26.65,26.64,26.71,26.72,26.73,1100,1000,1400,2700,900,1000,26.67
331,511,BRALSOACNOR5BR00,ALSO3,1620233206502609,26.66,26.65,26.64,26.71,26.72,26.73,1100,1000,1400,2700,900,1000,26.67
332,511,BRALSOACNOR5BR00,ALSO3,1620233209583783,26.66,26.65,26.64,26.71,26.72,26.73,1100,1000,1400,3300,900,1000,26.67
333,511,BRALSOACNOR5BR00,ALSO3,1620233209584945,26.66,26.65,26.64,26.7,26.71,26.72,1100,1000,1400,100,3300,900,26.67
334,511,BRALSOACNOR5BR00,ALSO3,1620233209585720,26.66,26.65,26.64,26.7,26.71,26.72,1100,1000,1400,200,3300,900,26.67
335,511,BRALSOACNOR5BR00,ALSO3,1620233209586853,26.66,26.65,26.64,26.69,26.7,26.71,600,1200,1400,100,500,3500,26.67
336,511,BRALSOACNOR5BR00,ALSO3,1620233209587665,26.66,26.65,26.64,26.69,26.7,26.71,600,1200,1600,200,400,3500,26.67
337,511,BRALSOACNOR5BR00,ALSO3,1620233209588854,26.66,26.65,26.64,26.68,26.69,26.7,700,1200,1600,100,300,400,26.67
338,511,BRALSOACNOR5BR00,ALSO3,1620233209740786,26.66,26.65,26.64,26.68,26.69,26.7,700,1200,1600,500,200,2300,26.67
339,511,BRALSOACNOR5BR00,ALSO3,1620233209740807,26.66,26.65,26.64,26.68,26.69,26.7,700,1200,1600,500,200,2300,26.67
340,511,BRALSOACNOR5BR00,ALSO3,1620233212009823,26.65,26.64,26.63,26.67,26.68,26.69,200,1800,1000,100,1000,400,26.65
341,511,BRALSOACNOR5BR00,ALSO3,1620233212009850,26.65,26.64,26.63,26.67,26.68,26.69,200,1800,1000,100,1000,400,26.65
342,511,BRALSOACNOR5BR00,ALSO3,1620233212011694,26.65,26.64,26.63,26.67,26.68,26.69,400,1800,800,300,1000,400,26.65
343,511,BRALSOACNOR5BR00,ALSO3,1620233212011722,26.65,26.64,26.63,26.67,26.68,26.69,400,1800,800,300,1000,400,26.65
344,511,BRALSOACNOR5BR00,ALSO3,1620233212012951,26.65,26.64,26.63,26.67,26.68,26.69,300,1800,800,200,1000,400,26.65
345,511,BRALSOACNOR5BR00,ALSO3,1620233212012971,26.65,26.64,26.63,26.67,26.68,26.69,300,1800,800,200,1000,400,26.65
346,511,BRALSOACNOR5BR00,ALSO3,1620233212024108,26.65,26.64,26.63,26.67,26.68,26.69,400,1800,800,200,1000,400,26.65
347,511,BRALSOACNOR5BR00,ALSO3,1620233212024128,26.65,26.64,26.63,26.67,26.68,26.69,400,1800,800,200,1000,400,26.65
348,511,BRALSOACNOR5BR00,ALSO3,1620233217029739,26.65,26.64,26.63,26.66,26.67,26.68,600,1500,800,100,1200,1100,26.66
349,511,BRALSOACNOR5BR00,ALSO3,1620233217029756,26.65,26.64,26.63,26.66,26.67,26.68,600,1500,800,100,1200,1100,26.66
350,511,BRALSOACNOR5BR00,ALSO3,1620233220187743,26.64,26.63,26.62,26.66,26.67,26.68,900,1100,2400,1200,700,600,26.65
351,511,BRALSOACNOR5BR00,ALSO3,1620233220187773,26.64,26.63,26.62,26.66,26.67,26.68,900,1100,2400,1200,700,600,26.65
352,511,BRALSOACNOR5BR00,ALSO3,1620233222500023,26.65,26.64,26.63,26.66,26.67,26.68,100,800,1100,600,100,600,26.66
353,511,BRALSOACNOR5BR00,ALSO3,1620233222500044,26.65,26.64,26.63,26.66,26.67,26.68,100,800,1100,600,100,600,26.66
354,511,BRALSOACNOR5BR00,ALSO3,1620233226019874,26.65,26.64,26.63,26.67,26.68,26.69,400,700,1100,100,600,600,26.66
355,511,BRALSOACNOR5BR00,ALSO3,1620233226020993,26.65,26.64,26.63,26.67,26.68,26.69,300,700,1100,300,500,600,26.66
356,511,BRALSOACNOR5BR00,ALSO3,1620233226109678,26.65,26.64,26.63,26.67,26.68,26.69,300,700,1100,200,500,600,26.67
357,511,BRALSOACNOR5BR00,ALSO3,1620233226109697,26.65,26.64,26.63,26.67,26.68,26.69,300,700,1100,200,500,600,26.67
358,511,BRALSOACNOR5BR00,ALSO3,1620233226658229,26.66,26.65,26.64,26.67,26.68,26.69,200,600,1300,100,100,600,26.67
359,511,BRALSOACNOR5BR00,ALSO3,1620233227950173,26.66,26.65,26.64,26.68,26.69,26.7,200,600,1300,100,600,2800,26.67
360,511,BRALSOACNOR5BR00,ALSO3,1620233227951623,26.66,26.65,26.64,26.67,26.68,26.69,200,600,1300,100,200,600,26.67
361,511,BRALSOACNOR5BR00,ALSO3,1620233256257842,26.64,26.63,26.62,26.67,26.68,26.69,1100,900,2200,1300,700,700,26.66
362,511,BRALSOACNOR5BR00,ALSO3,1620233256257879,26.64,26.63,26.62,26.67,26.68,26.69,1100,900,2200,1300,700,700,26.66
363,511,BRALSOACNOR5BR00,ALSO3,1620233256439885,26.64,26.63,26.62,26.66,26.67,26.68,600,1000,2400,400,1600,700,26.66
364,511,BRALSOACNOR5BR00,ALSO3,1620233256439920,26.64,26.63,26.62,26.66,26.67,26.68,600,1000,2400,400,1600,700,26.66
365,511,BRALSOACNOR5BR00,ALSO3,1620233258024192,26.64,26.63,26.62,26.66,26.67,26.68,700,1000,2400,300,1200,700,26.66
366,511,BRALSOACNOR5BR00,ALSO3,1620233258025487,26.64,26.63,26.62,26.66,26.67,26.68,700,1000,2400,300,1100,700,26.66
367,511,BRALSOACNOR5BR00,ALSO3,1620233264862424,26.64,26.63,26.62,26.66,26.67,26.68,700,1000,2400,600,800,700,26.66
368,511,BRALSOACNOR5BR00,ALSO3,1620233264863603,26.64,26.63,26.62,26.65,26.66,26.67,700,1000,2400,100,500,800,26.66
369,511,BRALSOACNOR5BR00,ALSO3,1620233266570660,26.64,26.63,26.62,26.66,26.67,26.68,700,1000,2400,400,1200,700,26.65
370,511,BRALSOACNOR5BR00,ALSO3,1620233266572865,26.64,26.63,26.62,26.66,26.67,26.68,800,1000,2400,400,1200,700,26.65
371,511,BRALSOACNOR5BR00,ALSO3,1620233266574106,26.64,26.63,26.62,26.65,26.66,26.67,800,1000,2400,100,400,800,26.65
372,511,BRALSOACNOR5BR00,ALSO3,1620233273820383,26.64,26.63,26.62,26.65,26.66,26.67,700,1000,2400,600,200,1000,26.65
373,511,BRALSOACNOR5BR00,ALSO3,1620233273820935,26.64,26.63,26.62,26.65,26.66,26.67,700,1000,2400,600,200,600,26.65
374,511,BRALSOACNOR5BR00,ALSO3,1620233273822132,26.64,26.63,26.62,26.65,26.66,26.67,700,1000,2400,700,200,600,26.65
375,511,BRALSOACNOR5BR00,ALSO3,1620233294129777,26.64,26.63,26.62,26.66,26.67,26.68,300,800,2200,500,1000,700,26.65
376,511,BRALSOACNOR5BR00,ALSO3,1620233294130573,26.64,26.63,26.62,26.66,26.67,26.68,300,800,2200,100,1000,700,26.65
377,511,BRALSOACNOR5BR00,ALSO3,1620233294131694,26.64,26.63,26.62,26.65,26.66,26.67,400,800,2200,100,200,1000,26.65
378,511,BRALSOACNOR5BR00,ALSO3,1620233294168141,26.64,26.63,26.62,26.65,26.66,26.67,300,800,2200,100,200,1000,26.65
379,511,BRALSOACNOR5BR00,ALSO3,1620233294230530,26.64,26.63,26.62,26.65,26.66,26.67,400,800,2200,100,200,1000,26.65
380,511,BRALSOACNOR5BR00,ALSO3,1620233294231623,26.64,26.63,26.62,26.65,26.66,26.67,400,800,2200,200,200,1000,26.65
381,511,BRALSOACNOR5BR00,ALSO3,1620233294467088,26.64,26.63,26.62,26.65,26.66,26.67,500,800,2200,100,200,1000,26.65
382,511,BRALSOACNOR5BR00,ALSO3,1620233294468480,26.64,26.63,26.62,26.65,26.66,26.67,500,1000,2200,100,300,600,26.65
383,511,BRALSOACNOR5BR00,ALSO3,1620233294468886,26.64,26.63,26.62,26.65,26.66,26.67,500,800,2200,100,300,600,26.65
384,511,BRALSOACNOR5BR00,ALSO3,1620233294470111,26.64,26.63,26.62,26.65,26.66,26.67,500,800,2200,200,200,600,26.65
385,511,BRALSOACNOR5BR00,ALSO3,1620233294471712,26.64,26.63,26.62,26.67,26.68,26.69,500,800,2400,700,700,700,26.67
386,511,BRALSOACNOR5BR00,ALSO3,1620233294471750,26.64,26.63,26.62,26.67,26.68,26.69,500,800,2400,700,700,700,26.67
387,511,BRALSOACNOR5BR00,ALSO3,1620233294472386,26.64,26.63,26.62,26.67,26.68,26.69,500,800,2400,300,700,700,26.67
388,511,BRALSOACNOR5BR00,ALSO3,1620233294473529,26.64,26.63,26.62,26.66,26.67,26.68,500,800,2400,300,300,700,26.67
389,511,BRALSOACNOR5BR00,ALSO3,1620233294566279,26.64,26.63,26.62,26.67,26.68,26.69,500,800,2400,300,700,700,26.67
390,511,BRALSOACNOR5BR00,ALSO3,1620233294566887,26.64,26.63,26.62,26.68,26.69,26.7,500,800,2400,700,700,4400,26.67
391,511,BRALSOACNOR5BR00,ALSO3,1620233294566909,26.64,26.63,26.62,26.68,26.69,26.7,500,800,2400,700,700,4400,26.67
392,511,BRALSOACNOR5BR00,ALSO3,1620233294567252,26.64,26.63,26.62,26.67,26.68,26.69,500,800,2400,100,700,700,26.67
393,511,BRALSOACNOR5BR00,ALSO3,1620233294567276,26.64,26.63,26.62,26.67,26.68,26.69,600,800,2400,100,700,700,26.67
394,511,BRALSOACNOR5BR00,ALSO3,1620233294567320,26.64,26.63,26.62,26.67,26.68,26.69,700,800,2400,100,700,700,26.67
395,511,BRALSOACNOR5BR00,ALSO3,1620233294567338,26.64,26.63,26.62,26.66,26.67,26.68,700,800,2400,100,100,700,26.67
396,511,BRALSOACNOR5BR00,ALSO3,1620233294567632,26.64,26.63,26.62,26.67,26.68,26.69,700,800,2400,100,700,700,26.67
397,511,BRALSOACNOR5BR00,ALSO3,1620233294567653,26.64,26.63,26.62,26.67,26.68,26.69,700,800,2400,100,700,700,26.67
398,511,BRALSOACNOR5BR00,ALSO3,1620233294568074,26.64,26.63,26.62,26.67,26.68,26.69,700,800,2400,200,700,700,26.67
399,511,BRALSOACNOR5BR00,ALSO3,1620233294568092,26.64,26.63,26.62,26.67,26.68,26.69,700,800,2400,200,700,700,26.67
400,511,BRALSOACNOR5BR00,ALSO3,1620233294568715,26.64,26.63,26.62,26.66,26.67,26.68,700,800,2400,100,200,700,26.67
401,511,BRALSOACNOR5BR00,ALSO3,1620233294568733,26.64,26.63,26.62,26.66,26.67,26.68,700,800,2400,100,200,700,26.67
402,511,BRALSOACNOR5BR00,ALSO3,1620233294654888,26.64,26.63,26.62,26.68,26.69,26.7,700,800,2400,500,700,4400,26.68
403,511,BRALSOACNOR5BR00,ALSO3,1620233294654907,26.64,26.63,26.62,26.68,26.69,26.7,700,800,2400,500,700,4400,26.68
404,511,BRALSOACNOR5BR00,ALSO3,1620233294655520,26.64,26.63,26.62,26.68,26.69,26.7,700,800,2400,400,700,4400,26.68
405,511,BRALSOACNOR5BR00,ALSO3,1620233294655542,26.64,26.63,26.62,26.68,26.69,26.7,700,800,2400,400,700,4400,26.68
406,511,BRALSOACNOR5BR00,ALSO3,1620233294655825,26.64,26.63,26.62,26.68,26.69,26.7,700,900,2400,400,700,4400,26.68
407,511,BRALSOACNOR5BR00,ALSO3,1620233294655859,26.64,26.63,26.62,26.68,26.69,26.7,700,900,2400,400,700,4400,26.68
408,511,BRALSOACNOR5BR00,ALSO3,1620233294655888,26.64,26.63,26.62,26.68,26.69,26.7,900,900,2200,400,700,4400,26.68
409,511,BRALSOACNOR5BR00,ALSO3,1620233294655908,26.64,26.63,26.62,26.68,26.69,26.7,1000,900,2200,400,700,4400,26.68
410,511,BRALSOACNOR5BR00,ALSO3,1620233294655963,26.64,26.63,26.62,26.67,26.68,26.69,1000,900,2200,100,400,700,26.68
411,511,BRALSOACNOR5BR00,ALSO3,1620233294655998,26.64,26.63,26.62,26.67,26.68,26.69,1000,900,2200,200,400,700,26.68
412,511,BRALSOACNOR5BR00,ALSO3,1620233294656549,26.64,26.63,26.62,26.67,26.68,26.69,1000,900,2200,200,400,600,26.68
413,511,BRALSOACNOR5BR00,ALSO3,1620233294656568,26.64,26.63,26.62,26.67,26.68,26.69,1000,900,2200,200,400,600,26.68
414,511,BRALSOACNOR5BR00,ALSO3,1620233294656613,26.64,26.63,26.62,26.67,26.69,26.7,1000,900,2200,200,600,4400,26.68
415,511,BRALSOACNOR5BR00,ALSO3,1620233294656631,26.64,26.63,26.62,26.67,26.69,26.7,1000,900,2200,200,600,4400,26.68
416,511,BRALSOACNOR5BR00,ALSO3,1620233294656966,26.65,26.64,26.63,26.67,26.69,26.7,100,1000,900,200,600,4400,26.68
417,511,BRALSOACNOR5BR00,ALSO3,1620233294656994,26.65,26.64,26.63,26.67,26.69,26.7,100,1000,900,200,600,4400,26.68
418,511,BRALSOACNOR5BR00,ALSO3,1620233294657022,26.64,26.63,26.62,26.67,26.69,26.7,1000,900,2200,200,600,4400,26.68
419,511,BRALSOACNOR5BR00,ALSO3,1620233294657064,26.64,26.63,26.62,26.67,26.68,26.69,1000,900,2200,200,400,600,26.68
420,511,BRALSOACNOR5BR00,ALSO3,1620233294657988,26.65,26.64,26.63,26.67,26.68,26.69,100,1000,900,200,400,600,26.68
421,511,BRALSOACNOR5BR00,ALSO3,1620233294658028,26.65,26.64,26.63,26.67,26.68,26.69,100,1000,900,200,400,600,26.68
422,511,BRALSOACNOR5BR00,ALSO3,1620233294660113,26.65,26.64,26.63,26.67,26.68,26.69,200,1000,900,200,400,600,26.68
423,511,BRALSOACNOR5BR00,ALSO3,1620233294660143,26.65,26.64,26.63,26.67,26.68,26.69,200,1000,900,200,400,600,26.68
424,511,BRALSOACNOR5BR00,ALSO3,1620233294667751,26.65,26.64,26.63,26.68,26.69,26.7,200,900,900,400,600,4400,26.67
425,511,BRALSOACNOR5BR00,ALSO3,1620233294667774,26.65,26.64,26.63,26.68,26.69,26.7,200,900,900,400,600,4400,26.67
426,511,BRALSOACNOR5BR00,ALSO3,1620233294668589,26.65,26.64,26.63,26.68,26.69,26.7,200,900,900,400,600,3000,26.67
427,511,BRALSOACNOR5BR00,ALSO3,1620233294668608,26.65,26.64,26.63,26.68,26.69,26.7,200,900,900,400,600,3000,26.67
428,511,BRALSOACNOR5BR00,ALSO3,1620233294668863,26.65,26.64,26.63,26.68,26.69,26.7,200,900,900,500,600,3000,26.67
429,511,BRALSOACNOR5BR00,ALSO3,1620233294668881,26.65,26.64,26.63,26.68,26.69,26.7,200,900,900,500,600,3000,26.67
430,511,BRALSOACNOR5BR00,ALSO3,1620233294668986,26.65,26.64,26.63,26.67,26.68,26.69,200,900,900,100,500,600,26.67
431,511,BRALSOACNOR5BR00,ALSO3,1620233294668998,26.65,26.64,26.63,26.67,26.68,26.69,200,900,900,100,500,600,26.67
432,511,BRALSOACNOR5BR00,ALSO3,1620233294669415,26.65,26.64,26.63,26.67,26.68,26.69,300,900,900,100,500,600,26.67
433,511,BRALSOACNOR5BR00,ALSO3,1620233294669449,26.65,26.64,26.63,26.67,26.68,26.69,300,900,900,100,500,600,26.67
434,511,BRALSOACNOR5BR00,ALSO3,1620233294669465,26.65,26.64,26.63,26.67,26.68,26.69,400,900,900,100,500,600,26.67
435,511,BRALSOACNOR5BR00,ALSO3,1620233294669481,26.65,26.64,26.63,26.67,26.68,26.69,400,900,900,100,500,600,26.67
436,511,BRALSOACNOR5BR00,ALSO3,1620233294669666,26.65,26.64,26.63,26.67,26.68,26.69,400,900,900,100,100,600,26.67
437,511,BRALSOACNOR5BR00,ALSO3,1620233294669689,26.65,26.64,26.63,26.67,26.68,26.69,400,900,900,100,100,600,26.67
438,511,BRALSOACNOR5BR00,ALSO3,1620233294669720,26.65,26.64,26.63,26.67,26.68,26.69,400,900,900,200,100,600,26.67
439,511,BRALSOACNOR5BR00,ALSO3,1620233294669741,26.65,26.64,26.63,26.67,26.68,26.69,400,900,900,200,100,600,26.67
440,511,BRALSOACNOR5BR00,ALSO3,1620233294669794,26.65,26.64,26.63,26.67,26.68,26.69,400,900,900,200,200,600,26.67
441,511,BRALSOACNOR5BR00,ALSO3,1620233294669810,26.65,26.64,26.63,26.67,26.68,26.69,400,900,900,200,200,600,26.67
442,511,BRALSOACNOR5BR00,ALSO3,1620233294670392,26.65,26.64,26.63,26.67,26.68,26.69,300,900,900,200,200,600,26.67
443,511,BRALSOACNOR5BR00,ALSO3,1620233294670413,26.65,26.64,26.63,26.67,26.68,26.69,300,900,900,200,200,600,26.67
444,511,BRALSOACNOR5BR00,ALSO3,1620233294670457,26.65,26.64,26.63,26.67,26.68,26.69,200,900,900,200,200,600,26.67
445,511,BRALSOACNOR5BR00,ALSO3,1620233294670473,26.65,26.64,26.63,26.67,26.68,26.69,200,900,900,200,200,600,26.67
446,511,BRALSOACNOR5BR00,ALSO3,1620233294730475,26.65,26.64,26.63,26.67,26.68,26.69,300,900,900,200,200,600,26.67
447,511,BRALSOACNOR5BR00,ALSO3,1620233294730517,26.65,26.64,26.63,26.67,26.68,26.69,300,900,900,200,200,600,26.67
448,511,BRALSOACNOR5BR00,ALSO3,1620233294731147,26.65,26.64,26.63,26.67,26.68,26.69,200,900,900,200,200,600,26.67
449,511,BRALSOACNOR5BR00,ALSO3,1620233294731170,26.65,26.64,26.63,26.67,26.68,26.69,200,900,900,200,200,600,26.67
450,511,BRALSOACNOR5BR00,ALSO3,1620233294745736,26.65,26.64,26.63,26.7,26.71,26.72,200,900,900,3000,2200,2100,26.69
451,511,BRALSOACNOR5BR00,ALSO3,1620233294745758,26.65,26.64,26.63,26.7,26.71,26.72,200,900,900,3000,2200,2100,26.69
452,511,BRALSOACNOR5BR00,ALSO3,1620233294746577,26.65,26.64,26.63,26.7,26.71,26.72,200,1000,900,3000,2200,2100,26.69
453,511,BRALSOACNOR5BR00,ALSO3,1620233294746599,26.65,26.64,26.63,26.7,26.71,26.72,200,1000,900,3000,2200,2100,26.69
454,511,BRALSOACNOR5BR00,ALSO3,1620233294746645,26.65,26.64,26.63,26.67,26.7,26.71,200,1000,900,100,3000,2200,26.69
455,511,BRALSOACNOR5BR00,ALSO3,1620233294746665,26.65,26.64,26.63,26.67,26.7,26.71,200,1000,900,100,3000,2200,26.69
456,511,BRALSOACNOR5BR00,ALSO3,1620233294746826,26.66,26.65,26.64,26.67,26.7,26.71,100,200,1000,100,3000,2200,26.69
457,511,BRALSOACNOR5BR00,ALSO3,1620233294746847,26.66,26.65,26.64,26.67,26.7,26.71,100,200,1000,100,3000,2200,26.69
458,511,BRALSOACNOR5BR00,ALSO3,1620233294747266,26.66,26.65,26.64,26.7,26.71,26.72,100,200,1000,3000,2200,2100,26.69
459,511,BRALSOACNOR5BR00,ALSO3,1620233294747287,26.66,26.65,26.64,26.7,26.71,26.72,100,200,1000,3000,2200,2100,26.69
460,511,BRALSOACNOR5BR00,ALSO3,1620233294747732,26.66,26.65,26.64,26.7,26.71,26.72,200,200,1000,3000,2200,2100,26.69
461,511,BRALSOACNOR5BR00,ALSO3,1620233294747772,26.66,26.65,26.64,26.7,26.71,26.72,200,500,1000,3000,2200,2100,26.69
462,511,BRALSOACNOR5BR00,ALSO3,1620233294748424,26.66,26.65,26.64,26.69,26.7,26.71,200,500,1000,100,3000,2200,26.69
463,511,BRALSOACNOR5BR00,ALSO3,1620233294748452,26.66,26.65,26.64,26.69,26.7,26.71,200,500,1000,100,3000,2200,26.69
464,511,BRALSOACNOR5BR00,ALSO3,1620233294748485,26.66,26.65,26.64,26.69,26.7,26.71,200,600,1000,100,3000,2200,26.69
465,511,BRALSOACNOR5BR00,ALSO3,1620233294748507,26.66,26.65,26.64,26.69,26.7,26.71,200,600,1000,100,3000,2200,26.69
466,511,BRALSOACNOR5BR00,ALSO3,1620233294748777,26.66,26.65,26.64,26.69,26.7,26.71,200,600,1000,200,3000,2200,26.69
467,511,BRALSOACNOR5BR00,ALSO3,1620233294748794,26.66,26.65,26.64,26.69,26.7,26.71,200,600,1000,200,3000,2200,26.69
468,511,BRALSOACNOR5BR00,ALSO3,1620233294749300,26.66,26.65,26.64,26.68,26.69,26.7,200,600,1000,100,200,3000,26.69
469,511,BRALSOACNOR5BR00,ALSO3,1620233294749333,26.66,26.65,26.64,26.68,26.69,26.7,200,600,1000,100,300,3000,26.69
470,511,BRALSOACNOR5BR00,ALSO3,1620233294756653,26.66,26.65,26.64,26.68,26.69,26.7,200,600,1000,100,700,3000,26.69
471,511,BRALSOACNOR5BR00,ALSO3,1620233294756674,26.66,26.65,26.64,26.68,26.69,26.7,200,600,1000,100,700,3000,26.69
472,511,BRALSOACNOR5BR00,ALSO3,1620233294775256,26.66,26.65,26.64,26.68,26.69,26.7,100,600,1000,100,700,3000,26.69
473,511,BRALSOACNOR5BR00,ALSO3,1620233294775276,26.66,26.65,26.64,26.68,26.69,26.7,100,600,1000,100,700,3000,26.69
474,511,BRALSOACNOR5BR00,ALSO3,1620233294793196,26.67,26.66,26.65,26.68,26.69,26.7,100,100,500,100,700,3000,26.69
475,511,BRALSOACNOR5BR00,ALSO3,1620233294793214,26.67,26.66,26.65,26.68,26.69,26.7,100,100,500,100,700,3000,26.69
476,511,BRALSOACNOR5BR00,ALSO3,1620233294794091,26.67,26.66,26.65,26.68,26.69,26.7,100,500,500,100,700,3000,26.69
477,511,BRALSOACNOR5BR00,ALSO3,1620233294794109,26.67,26.66,26.65,26.68,26.69,26.7,100,500,500,100,700,3000,26.69
478,511,BRALSOACNOR5BR00,ALSO3,1620233294810512,26.67,26.66,26.65,26.68,26.69,26.7,100,500,500,200,700,3000,26.69
479,511,BRALSOACNOR5BR00,ALSO3,1620233294811720,26.67,26.66,26.65,26.68,26.69,26.7,100,500,500,300,700,3000,26.69
480,511,BRALSOACNOR5BR00,ALSO3,1620233294813789,26.65,26.64,26.63,26.68,26.69,26.7,500,1000,900,300,700,3000,26.67
481,511,BRALSOACNOR5BR00,ALSO3,1620233294815192,26.65,26.64,26.63,26.67,26.68,26.69,600,1000,900,200,300,700,26.67
482,511,BRALSOACNOR5BR00,ALSO3,1620233294838170,26.65,26.64,26.63,26.67,26.68,26.69,600,1000,900,200,300,700,26.67
483,511,BRALSOACNOR5BR00,ALSO3,1620233294838340,26.65,26.64,26.63,26.69,26.7,26.71,600,1000,900,200,3000,2200,26.69
484,511,BRALSOACNOR5BR00,ALSO3,1620233294839559,26.66,26.65,26.64,26.68,26.69,26.7,200,700,1000,100,100,3000,26.69
485,511,BRALSOACNOR5BR00,ALSO3,1620233294849330,26.66,26.65,26.64,26.68,26.69,26.7,100,800,1000,200,500,2900,26.69
486,511,BRALSOACNOR5BR00,ALSO3,1620233294849357,26.66,26.65,26.64,26.68,26.69,26.7,100,800,1000,200,500,2900,26.69
487,511,BRALSOACNOR5BR00,ALSO3,1620233294920032,26.67,26.66,26.65,26.69,26.7,26.71,100,100,800,300,2900,2200,26.69
488,511,BRALSOACNOR5BR00,ALSO3,1620233294920593,26.67,26.66,26.65,26.7,26.71,26.72,100,100,800,2900,2200,2100,26.69
489,511,BRALSOACNOR5BR00,ALSO3,1620233294921850,26.67,26.66,26.65,26.69,26.7,26.71,100,100,800,200,2900,2200,26.69
490,511,BRALSOACNOR5BR00,ALSO3,1620233294922034,26.67,26.66,26.65,26.69,26.7,26.71,100,300,800,200,2900,2200,26.69
491,511,BRALSOACNOR5BR00,ALSO3,1620233294922053,26.67,26.66,26.65,26.69,26.7,26.71,100,300,800,200,2900,2200,26.69
492,511,BRALSOACNOR5BR00,ALSO3,1620233294980888,26.66,26.65,26.64,26.69,26.7,26.71,100,1000,800,100,2900,2200,26.69
493,674,BRALUPCDAM15BR00,ALUP11,1620233205502493,26.96,26.95,26.94,26.99,27.0,27.01,600,500,900,700,500,2000,26.99
494,674,BRALUPCDAM15BR00,ALUP11,1620233205502520,26.96,26.95,26.94,26.99,27.0,27.01,600,500,900,700,500,2000,26.99
495,674,BRALUPCDAM15BR00,ALUP11,1620233206051972,26.96,26.95,26.94,26.99,27.0,27.01,600,500,900,700,500,500,26.99
496,674,BRALUPCDAM15BR00,ALUP11,1620233206051991,26.96,26.95,26.94,26.99,27.0,27.01,600,500,900,700,500,500,26.99
497,674,BRALUPCDAM15BR00,ALUP11,1620233206052705,26.96,26.95,26.94,26.99,27.0,27.01,600,500,900,600,500,500,26.99
498,674,BRALUPCDAM15BR00,ALUP11,1620233206052722,26.96,26.95,26.94,26.99,27.0,27.01,600,500,900,600,500,500,26.99
499,674,BRALUPCDAM15BR00,ALUP11,1620233206085596,26.96,26.95,26.94,26.99,27.0,27.01,700,500,900,600,500,500,26.99
500,674,BRALUPCDAM15BR00,ALUP11,1620233206085626,26.96,26.95,26.94,26.99,27.0,27.01,700,500,900,600,500,500,26.99
501,674,BRALUPCDAM15BR00,ALUP11,1620233206345921,26.96,26.95,26.94,26.99,27.0,27.01,700,500,900,600,500,1700,26.99
502,674,BRALUPCDAM15BR00,ALUP11,1620233206345939,26.96,26.95,26.94,26.99,27.0,27.01,700,500,900,600,500,1700,26.99
503,674,BRALUPCDAM15BR00,ALUP11,1620233206521510,26.96,26.95,26.94,26.99,27.0,27.01,700,500,900,700,500,1700,26.99
504,674,BRALUPCDAM15BR00,ALUP11,1620233206521535,26.96,26.95,26.94,26.99,27.0,27.01,700,500,900,700,500,1700,26.99
505,674,BRALUPCDAM15BR00,ALUP11,1620233207206889,26.96,26.95,26.94,26.99,27.0,27.01,700,500,900,700,500,500,26.99
506,674,BRALUPCDAM15BR00,ALUP11,1620233207206914,26.96,26.95,26.94,26.99,27.0,27.01,700,500,900,700,500,500,26.99
507,674,BRALUPCDAM15BR00,ALUP11,1620233207207580,26.96,26.95,26.94,26.99,27.0,27.01,700,500,900,600,500,500,26.99
508,674,BRALUPCDAM15BR00,ALUP11,1620233207207599,26.96,26.95,26.94,26.99,27.0,27.01,700,500,900,600,500,500,26.99
509,674,BRALUPCDAM15BR00,ALUP11,1620233207499512,26.96,26.95,26.94,26.99,27.0,27.01,700,500,900,600,1600,500,26.99
510,674,BRALUPCDAM15BR00,ALUP11,1620233207500652,26.96,26.95,26.94,26.98,26.99,27.0,700,500,900,100,700,1600,26.99
511,674,BRALUPCDAM15BR00,ALUP11,1620233207711207,26.96,26.95,26.94,26.98,26.99,27.0,700,500,900,600,200,1600,26.99
512,674,BRALUPCDAM15BR00,ALUP11,1620233207711227,26.96,26.95,26.94,26.98,26.99,27.0,700,500,900,600,200,1600,26.99
513,674,BRALUPCDAM15BR00,ALUP11,1620233209148585,26.96,26.95,26.94,26.98,26.99,27.0,400,500,900,600,100,1500,26.98
514,703,BRANIMACNOR6BR00,ANIM3,1620233205136622,11.31,11.3,11.29,11.32,11.33,11.34,1000,11000,5600,900,2400,10600,11.32
515,703,BRANIMACNOR6BR00,ANIM3,1620233205136640,11.31,11.3,11.29,11.32,11.33,11.34,1000,11000,5600,900,2400,10600,11.32
516,703,BRANIMACNOR6BR00,ANIM3,1620233205615137,11.31,11.3,11.29,11.32,11.33,11.34,1700,10300,5600,900,2400,10600,11.32
517,703,BRANIMACNOR6BR00,ANIM3,1620233205615158,11.31,11.3,11.29,11.32,11.33,11.34,1700,10300,5600,900,2400,10600,11.32
518,703,BRANIMACNOR6BR00,ANIM3,1620233206659387,11.31,11.3,11.29,11.32,11.33,11.34,1700,10300,5600,800,2400,10600,11.32
519,703,BRANIMACNOR6BR00,ANIM3,1620233206659421,11.31,11.3,11.29,11.32,11.33,11.34,1700,10300,5600,800,2400,10600,11.32
520,703,BRANIMACNOR6BR00,ANIM3,1620233210408455,11.31,11.3,11.29,11.32,11.33,11.34,1800,10300,5600,800,2400,10600,11.32
521,703,BRANIMACNOR6BR00,ANIM3,1620233210408476,11.31,11.3,11.29,11.32,11.33,11.34,1800,10300,5600,800,2400,10600,11.32
522,703,BRANIMACNOR6BR00,ANIM3,1620233214762678,11.31,11.3,11.29,11.32,11.33,11.34,1800,10300,5600,600,2400,10600,11.32
523,703,BRANIMACNOR6BR00,ANIM3,1620233214762708,11.31,11.3,11.29,11.32,11.33,11.34,1800,10300,5600,600,2400,10600,11.32
524,703,BRANIMACNOR6BR00,ANIM3,1620233214763928,11.31,11.3,11.29,11.32,11.33,11.34,2200,10300,5600,600,2400,10600,11.32
525,703,BRANIMACNOR6BR00,ANIM3,1620233214763948,11.31,11.3,11.29,11.32,11.33,11.34,2200,10300,5600,600,2400,10600,11.32
526,703,BRANIMACNOR6BR00,ANIM3,1620233214765286,11.31,11.3,11.29,11.32,11.33,11.34,2200,10300,5600,600,1700,10600,11.32
527,703,BRANIMACNOR6BR00,ANIM3,1620233214765320,11.31,11.3,11.29,11.32,11.33,11.34,2200,10300,5600,600,1700,10600,11.32
528,703,BRANIMACNOR6BR00,ANIM3,1620233215405266,11.31,11.3,11.29,11.32,11.33,11.34,2100,10300,5600,600,1700,10600,11.32
529,703,BRANIMACNOR6BR00,ANIM3,1620233215405287,11.31,11.3,11.29,11.32,11.33,11.34,2100,10300,5600,600,1700,10600,11.32
530,703,BRANIMACNOR6BR00,ANIM3,1620233215406142,11.31,11.3,11.29,11.32,11.33,11.34,2100,10300,5600,600,1700,11300,11.32
531,703,BRANIMACNOR6BR00,ANIM3,1620233215406166,11.31,11.3,11.29,11.32,11.33,11.34,2100,10300,5600,600,1700,11300,11.32
532,703,BRANIMACNOR6BR00,ANIM3,1620233215570983,11.31,11.3,11.29,11.33,11.34,11.35,2100,10300,5600,1700,11300,4100,11.32
533,703,BRANIMACNOR6BR00,ANIM3,1620233215571007,11.31,11.3,11.29,11.33,11.34,11.35,2100,10300,5600,1700,11300,4100,11.32
534,703,BRANIMACNOR6BR00,ANIM3,1620233215571997,11.31,11.3,11.29,11.33,11.34,11.35,2100,10700,5600,1700,11300,4100,11.32
535,703,BRANIMACNOR6BR00,ANIM3,1620233215572033,11.31,11.3,11.29,11.33,11.34,11.35,2100,10700,5600,1700,11300,4100,11.32
536,703,BRANIMACNOR6BR00,ANIM3,1620233215572103,11.31,11.3,11.29,11.33,11.34,11.35,2100,10800,5600,1700,11300,4100,11.32
537,703,BRANIMACNOR6BR00,ANIM3,1620233215572124,11.31,11.3,11.29,11.33,11.34,11.35,2100,10800,5600,1700,11300,4100,11.32
538,703,BRANIMACNOR6BR00,ANIM3,1620233215582363,11.31,11.3,11.29,11.32,11.33,11.34,2100,10800,5600,100,1700,11300,11.32
539,703,BRANIMACNOR6BR00,ANIM3,1620233215583652,11.31,11.3,11.29,11.33,11.34,11.35,2100,10800,5600,1700,11300,4100,11.32
540,703,BRANIMACNOR6BR00,ANIM3,1620233215583805,11.31,11.3,11.29,11.33,11.34,11.35,2100,10800,5600,1700,11300,4100,11.32
541,703,BRANIMACNOR6BR00,ANIM3,1620233215688077,11.31,11.3,11.29,11.33,11.34,11.35,2100,10800,6000,1700,11300,4100,11.32
542,703,BRANIMACNOR6BR00,ANIM3,1620233215688098,11.31,11.3,11.29,11.33,11.34,11.35,2100,10800,6000,1700,11300,4100,11.32
543,703,BRANIMACNOR6BR00,ANIM3,1620233215774787,11.31,11.3,11.29,11.33,11.34,11.35,2000,10800,6000,1700,11300,4100,11.31
544,703,BRANIMACNOR6BR00,ANIM3,1620233215776057,11.32,11.31,11.3,11.33,11.34,11.35,100,1900,10800,1700,11300,4100,11.31
545,703,BRANIMACNOR6BR00,ANIM3,1620233215777474,11.32,11.31,11.3,11.33,11.34,11.35,900,1500,10800,1300,8700,6700,11.33
546,703,BRANIMACNOR6BR00,ANIM3,1620233215777501,11.32,11.31,11.3,11.33,11.34,11.35,900,1500,10800,1300,8700,6700,11.33
547,703,BRANIMACNOR6BR00,ANIM3,1620233216279298,11.32,11.31,11.3,11.33,11.34,11.35,800,1500,10700,800,8100,6700,11.32
548,703,BRANIMACNOR6BR00,ANIM3,1620233216280331,11.32,11.31,11.3,11.33,11.34,11.35,800,1500,10700,700,8100,6700,11.33
549,703,BRANIMACNOR6BR00,ANIM3,1620233216280356,11.32,11.31,11.3,11.33,11.34,11.35,800,1500,10700,700,8100,6700,11.33
550,703,BRANIMACNOR6BR00,ANIM3,1620233217429402,11.32,11.31,11.3,11.33,11.34,11.35,800,1500,10700,900,8100,6700,11.33
551,703,BRANIMACNOR6BR00,ANIM3,1620233217429421,11.32,11.31,11.3,11.33,11.34,11.35,800,1500,10700,900,8100,6700,11.33
552,703,BRANIMACNOR6BR00,ANIM3,1620233219915097,11.32,11.31,11.3,11.34,11.35,11.36,800,1500,10700,7000,6700,5100,11.34
553,703,BRANIMACNOR6BR00,ANIM3,1620233219916625,11.32,11.31,11.3,11.34,11.35,11.36,1200,1500,10900,6700,6700,5100,11.34
554,703,BRANIMACNOR6BR00,ANIM3,1620233219916780,11.32,11.31,11.3,11.33,11.34,11.35,1200,1500,10900,300,7600,6700,11.33
555,703,BRANIMACNOR6BR00,ANIM3,1620233219916941,11.32,11.31,11.3,11.33,11.34,11.35,1200,1500,10900,300,7600,7400,11.33
556,703,BRANIMACNOR6BR00,ANIM3,1620233219916968,11.32,11.31,11.3,11.33,11.34,11.35,1200,1500,10900,300,7600,7400,11.33
557,703,BRANIMACNOR6BR00,ANIM3,1620233219917109,11.32,11.31,11.3,11.33,11.34,11.35,1200,1500,10900,300,7600,7000,11.33
558,703,BRANIMACNOR6BR00,ANIM3,1620233219917127,11.32,11.31,11.3,11.33,11.34,11.35,1200,1500,10900,300,7600,7000,11.33
559,703,BRANIMACNOR6BR00,ANIM3,1620233219917698,11.32,11.31,11.3,11.33,11.34,11.35,1300,1500,10900,300,7600,7000,11.33
560,703,BRANIMACNOR6BR00,ANIM3,1620233219917722,11.32,11.31,11.3,11.33,11.34,11.35,1300,1500,10900,300,7600,7000,11.33
561,703,BRANIMACNOR6BR00,ANIM3,1620233219918154,11.32,11.31,11.3,11.33,11.34,11.35,1300,1500,10900,300,8300,6300,11.33
562,703,BRANIMACNOR6BR00,ANIM3,1620233219918174,11.32,11.31,11.3,11.33,11.34,11.35,1300,1500,10900,300,8300,6300,11.33
563,703,BRANIMACNOR6BR00,ANIM3,1620233219918867,11.32,11.31,11.3,11.33,11.34,11.35,1200,1500,10900,300,8300,6300,11.32
564,703,BRANIMACNOR6BR00,ANIM3,1620233219918885,11.32,11.31,11.3,11.33,11.34,11.35,1200,1500,10900,300,8300,6300,11.32
565,703,BRANIMACNOR6BR00,ANIM3,1620233219919530,11.32,11.31,11.3,11.33,11.34,11.35,1200,1500,10900,300,7900,6300,11.32
566,703,BRANIMACNOR6BR00,ANIM3,1620233219919548,11.32,11.31,11.3,11.33,11.34,11.35,1200,1500,10900,300,7900,6300,11.32
567,703,BRANIMACNOR6BR00,ANIM3,1620233220041093,11.32,11.31,11.3,11.33,11.34,11.35,800,1500,10900,300,7900,6300,11.32
568,703,BRANIMACNOR6BR00,ANIM3,1620233220041118,11.32,11.31,11.3,11.33,11.34,11.35,800,1500,10900,300,7900,6300,11.32
569,703,BRANIMACNOR6BR00,ANIM3,1620233220046845,11.32,11.31,11.3,11.33,11.34,11.35,800,1500,10900,300,8000,6300,11.32
570,703,BRANIMACNOR6BR00,ANIM3,1620233220046865,11.32,11.31,11.3,11.33,11.34,11.35,800,1500,10900,300,8000,6300,11.32
571,703,BRANIMACNOR6BR00,ANIM3,1620233220061300,11.32,11.31,11.3,11.33,11.34,11.35,1100,1500,10900,300,8000,6300,11.32
572,703,BRANIMACNOR6BR00,ANIM3,1620233220061320,11.32,11.31,11.3,11.33,11.34,11.35,1100,1500,10900,300,8000,6300,11.32
573,703,BRANIMACNOR6BR00,ANIM3,1620233220153089,11.32,11.31,11.3,11.34,11.35,11.36,1100,1500,10900,8000,6300,5100,11.33
574,703,BRANIMACNOR6BR00,ANIM3,1620233220153115,11.32,11.31,11.3,11.34,11.35,11.36,1100,1500,10900,8000,6300,5100,11.33
575,703,BRANIMACNOR6BR00,ANIM3,1620233220153989,11.32,11.31,11.3,11.34,11.35,11.36,1100,1500,10900,8400,6300,5100,11.33
576,703,BRANIMACNOR6BR00,ANIM3,1620233220154007,11.32,11.31,11.3,11.34,11.35,11.36,1100,1500,10900,8400,6300,5100,11.33
577,703,BRANIMACNOR6BR00,ANIM3,1620233220154221,11.32,11.31,11.3,11.33,11.34,11.35,1100,1500,10900,200,8400,6300,11.33
578,703,BRANIMACNOR6BR00,ANIM3,1620233220154239,11.32,11.31,11.3,11.33,11.34,11.35,1100,1500,10900,200,8400,6300,11.33
579,703,BRANIMACNOR6BR00,ANIM3,1620233220154286,11.32,11.31,11.3,11.33,11.34,11.35,1100,1500,10900,400,8400,6300,11.33
580,703,BRANIMACNOR6BR00,ANIM3,1620233220154303,11.32,11.31,11.3,11.33,11.34,11.35,1100,1500,10900,400,8400,6300,11.33
581,703,BRANIMACNOR6BR00,ANIM3,1620233220160434,11.32,11.31,11.3,11.33,11.34,11.35,1100,1500,10900,400,8000,6300,11.33
582,703,BRANIMACNOR6BR00,ANIM3,1620233220160452,11.32,11.31,11.3,11.33,11.34,11.35,1100,1500,10900,400,8000,6300,11.33
583,703,BRANIMACNOR6BR00,ANIM3,1620233220302699,11.32,11.31,11.3,11.34,11.35,11.36,1100,1500,10900,8000,6300,5100,11.33
584,703,BRANIMACNOR6BR00,ANIM3,1620233220302718,11.32,11.31,11.3,11.34,11.35,11.36,1100,1500,10900,8000,6300,5100,11.33
585,703,BRANIMACNOR6BR00,ANIM3,1620233220303969,11.32,11.31,11.3,11.33,11.34,11.35,1100,1500,10900,200,8000,6300,11.33
586,703,BRANIMACNOR6BR00,ANIM3,1620233220304004,11.32,11.31,11.3,11.33,11.34,11.35,1100,1500,10900,400,8000,6300,11.33
587,703,BRANIMACNOR6BR00,ANIM3,1620233220305063,11.32,11.31,11.3,11.33,11.34,11.35,1300,1500,10900,400,8000,6300,11.33
588,703,BRANIMACNOR6BR00,ANIM3,1620233220305090,11.32,11.31,11.3,11.33,11.34,11.35,1500,1500,10900,400,8000,6300,11.33
589,703,BRANIMACNOR6BR00,ANIM3,1620233220418690,11.32,11.31,11.3,11.33,11.34,11.35,1200,1500,10900,400,8000,6300,11.32
590,703,BRANIMACNOR6BR00,ANIM3,1620233220418717,11.32,11.31,11.3,11.33,11.34,11.35,1200,1500,10900,400,8000,6300,11.32
591,703,BRANIMACNOR6BR00,ANIM3,1620233220418802,11.32,11.31,11.3,11.33,11.34,11.35,1100,1500,10900,400,8000,6300,11.32
592,703,BRANIMACNOR6BR00,ANIM3,1620233220418829,11.32,11.31,11.3,11.33,11.34,11.35,1100,1500,10900,400,8000,6300,11.32
593,703,BRANIMACNOR6BR00,ANIM3,1620233220419511,11.32,11.31,11.3,11.33,11.34,11.35,900,1500,10900,400,8000,6300,11.32
594,703,BRANIMACNOR6BR00,ANIM3,1620233220419529,11.32,11.31,11.3,11.33,11.34,11.35,900,1500,10900,400,8000,6300,11.32
595,703,BRANIMACNOR6BR00,ANIM3,1620233220422792,11.32,11.31,11.3,11.33,11.34,11.35,600,1500,10900,400,8000,6300,11.32
596,703,BRANIMACNOR6BR00,ANIM3,1620233220422811,11.32,11.31,11.3,11.33,11.34,11.35,600,1500,10900,400,8000,6300,11.32
597,703,BRANIMACNOR6BR00,ANIM3,1620233220423622,11.32,11.31,11.3,11.33,11.34,11.35,600,1500,10900,800,8000,6300,11.32
598,703,BRANIMACNOR6BR00,ANIM3,1620233220423641,11.32,11.31,11.3,11.33,11.34,11.35,600,1500,10900,800,8000,6300,11.32
599,703,BRANIMACNOR6BR00,ANIM3,1620233220423687,11.32,11.31,11.3,11.33,11.34,11.35,600,1500,10900,900,8000,6300,11.32
600,703,BRANIMACNOR6BR00,ANIM3,1620233220423703,11.32,11.31,11.3,11.33,11.34,11.35,600,1500,10900,900,8000,6300,11.32
601,703,BRANIMACNOR6BR00,ANIM3,1620233220424513,11.32,11.31,11.3,11.33,11.34,11.35,500,1500,10900,900,8000,6300,11.32
602,703,BRANIMACNOR6BR00,ANIM3,1620233220424532,11.32,11.31,11.3,11.33,11.34,11.35,500,1500,10900,900,8000,6300,11.32
603,703,BRANIMACNOR6BR00,ANIM3,1620233220806689,11.32,11.31,11.3,11.33,11.34,11.35,500,1500,10900,700,8000,6300,11.33
604,703,BRANIMACNOR6BR00,ANIM3,1620233220806706,11.32,11.31,11.3,11.33,11.34,11.35,500,1500,10900,700,8000,6300,11.33
605,703,BRANIMACNOR6BR00,ANIM3,1620233220807681,11.32,11.31,11.3,11.33,11.34,11.35,600,1500,10900,700,8000,6300,11.33
606,703,BRANIMACNOR6BR00,ANIM3,1620233220807705,11.32,11.31,11.3,11.33,11.34,11.35,600,1500,10900,700,8000,6300,11.33
607,703,BRANIMACNOR6BR00,ANIM3,1620233220812760,11.32,11.31,11.3,11.33,11.34,11.35,600,1500,10900,900,8000,6300,11.33
608,703,BRANIMACNOR6BR00,ANIM3,1620233220812786,11.32,11.31,11.3,11.33,11.34,11.35,600,1500,10900,900,8000,6300,11.33
609,703,BRANIMACNOR6BR00,ANIM3,1620233220920834,11.32,11.31,11.3,11.33,11.34,11.35,500,1500,10900,900,8000,6300,11.32
610,703,BRANIMACNOR6BR00,ANIM3,1620233220920855,11.32,11.31,11.3,11.33,11.34,11.35,500,1500,10900,900,8000,6300,11.32
611,703,BRANIMACNOR6BR00,ANIM3,1620233221443296,11.32,11.31,11.3,11.33,11.34,11.35,500,1500,10900,800,8000,6300,11.32
612,703,BRANIMACNOR6BR00,ANIM3,1620233221443313,11.32,11.31,11.3,11.33,11.34,11.35,500,1500,10900,800,8000,6300,11.32
613,703,BRANIMACNOR6BR00,ANIM3,1620233221562629,11.32,11.31,11.3,11.33,11.34,11.35,500,1500,10900,1200,8000,6300,11.32
614,703,BRANIMACNOR6BR00,ANIM3,1620233221562654,11.32,11.31,11.3,11.33,11.34,11.35,500,1500,10900,1200,8000,6300,11.32
615,703,BRANIMACNOR6BR00,ANIM3,1620233222394708,11.32,11.31,11.3,11.33,11.34,11.35,300,1500,10900,1200,8000,6300,11.32
616,703,BRANIMACNOR6BR00,ANIM3,1620233222394759,11.32,11.31,11.3,11.33,11.34,11.35,300,1500,10900,1200,8000,6300,11.32
617,703,BRANIMACNOR6BR00,ANIM3,1620233222395659,11.32,11.31,11.3,11.33,11.34,11.35,300,1500,8600,1200,8000,6300,11.32
618,703,BRANIMACNOR6BR00,ANIM3,1620233222395712,11.32,11.31,11.3,11.33,11.34,11.35,300,1500,8600,1200,8000,6300,11.32
619,703,BRANIMACNOR6BR00,ANIM3,1620233222517453,11.32,11.31,11.3,11.33,11.34,11.35,300,1500,8600,1300,8000,6300,11.32
620,703,BRANIMACNOR6BR00,ANIM3,1620233222517472,11.32,11.31,11.3,11.33,11.34,11.35,300,1500,8600,1300,8000,6300,11.32
621,703,BRANIMACNOR6BR00,ANIM3,1620233222518392,11.32,11.31,11.3,11.33,11.34,11.35,300,1500,8600,1400,8000,6300,11.32
622,703,BRANIMACNOR6BR00,ANIM3,1620233222518415,11.32,11.31,11.3,11.33,11.34,11.35,300,1500,8600,1400,8000,6300,11.32
623,703,BRANIMACNOR6BR00,ANIM3,1620233222633176,11.32,11.31,11.3,11.33,11.34,11.35,300,1500,8600,1300,8000,6300,11.32
624,703,BRANIMACNOR6BR00,ANIM3,1620233222634684,11.32,11.31,11.3,11.33,11.34,11.35,400,1500,8600,1300,8000,6300,11.32
625,703,BRANIMACNOR6BR00,ANIM3,1620233222939436,11.32,11.31,11.3,11.33,11.34,11.35,500,1500,8600,1300,8000,6300,11.32
626,703,BRANIMACNOR6BR00,ANIM3,1620233222939463,11.32,11.31,11.3,11.33,11.34,11.35,500,1500,8600,1300,8000,6300,11.32
627,703,BRANIMACNOR6BR00,ANIM3,1620233250260619,11.33,11.32,11.31,11.34,11.35,11.36,900,2300,3800,7000,4400,5300,11.33
628,703,BRANIMACNOR6BR00,ANIM3,1620233250260646,11.33,11.32,11.31,11.34,11.35,11.36,900,2300,3800,7000,4400,5300,11.33
629,703,BRANIMACNOR6BR00,ANIM3,1620233254857259,11.33,11.32,11.31,11.34,11.35,11.36,100,2200,3800,6100,4400,5400,11.33
630,703,BRANIMACNOR6BR00,ANIM3,1620233254858481,11.33,11.32,11.31,11.34,11.35,11.36,100,2200,3800,6100,4400,5400,11.33
631,703,BRANIMACNOR6BR00,ANIM3,1620233254859472,11.32,11.31,11.3,11.33,11.34,11.35,2200,3800,10300,300,6900,4400,11.33
632,703,BRANIMACNOR6BR00,ANIM3,1620233254859855,11.32,11.31,11.3,11.33,11.34,11.35,2000,3800,10300,300,6900,4400,11.33
633,703,BRANIMACNOR6BR00,ANIM3,1620233254861051,11.33,11.32,11.31,11.34,11.35,11.36,100,2100,3800,6900,6300,2800,11.33
634,703,BRANIMACNOR6BR00,ANIM3,1620233254862127,11.32,11.31,11.3,11.34,11.35,11.36,1800,3800,10300,6900,6300,2800,11.33
635,703,BRANIMACNOR6BR00,ANIM3,1620233254862536,11.32,11.31,11.3,11.34,11.35,11.36,1800,3800,10300,6900,7000,2800,11.33
636,703,BRANIMACNOR6BR00,ANIM3,1620233254862562,11.32,11.31,11.3,11.34,11.35,11.36,1800,3800,10300,6900,7000,2800,11.33
637,703,BRANIMACNOR6BR00,ANIM3,1620233254866826,11.32,11.31,11.3,11.34,11.35,11.36,2300,3800,10300,6900,7000,2800,11.33
638,703,BRANIMACNOR6BR00,ANIM3,1620233254866862,11.32,11.31,11.3,11.34,11.35,11.36,2300,3800,10300,6900,7000,2800,11.33
639,703,BRANIMACNOR6BR00,ANIM3,1620233254893379,11.32,11.31,11.3,11.33,11.34,11.35,2300,3800,10300,200,6900,7000,11.33
640,703,BRANIMACNOR6BR00,ANIM3,1620233254893404,11.32,11.31,11.3,11.33,11.34,11.35,2300,3800,10300,200,6900,7000,11.33
641,703,BRANIMACNOR6BR00,ANIM3,1620233254894020,11.32,11.31,11.3,11.34,11.35,11.36,2300,3800,10300,6900,7000,2800,11.33
642,703,BRANIMACNOR6BR00,ANIM3,1620233254894041,11.32,11.31,11.3,11.34,11.35,11.36,2300,3800,10300,6900,7000,2800,11.33
643,703,BRANIMACNOR6BR00,ANIM3,1620233254894293,11.32,11.31,11.3,11.34,11.35,11.36,2300,3800,10300,7600,6300,2800,11.33
644,703,BRANIMACNOR6BR00,ANIM3,1620233254894311,11.32,11.31,11.3,11.34,11.35,11.36,2300,3800,10300,7600,6300,2800,11.33
645,703,BRANIMACNOR6BR00,ANIM3,1620233254894339,11.32,11.31,11.3,11.34,11.35,11.36,2500,3800,10300,7600,6300,2800,11.33
646,703,BRANIMACNOR6BR00,ANIM3,1620233254894357,11.32,11.31,11.3,11.34,11.35,11.36,2500,3800,10300,7600,6300,2800,11.33
647,703,BRANIMACNOR6BR00,ANIM3,1620233254894384,11.32,11.31,11.3,11.34,11.35,11.36,2600,3800,10300,7600,6300,2800,11.33
648,703,BRANIMACNOR6BR00,ANIM3,1620233254894401,11.32,11.31,11.3,11.34,11.35,11.36,2600,3800,10300,7600,6300,2800,11.33
649,703,BRANIMACNOR6BR00,ANIM3,1620233254894618,11.32,11.31,11.3,11.34,11.35,11.36,2600,3800,10300,6900,6300,2800,11.33
650,703,BRANIMACNOR6BR00,ANIM3,1620233254894636,11.32,11.31,11.3,11.34,11.35,11.36,2600,3800,10300,6900,6300,2800,11.33
651,703,BRANIMACNOR6BR00,ANIM3,1620233254894860,11.32,11.31,11.3,11.33,11.34,11.35,2600,3800,10300,200,6900,6300,11.33
652,703,BRANIMACNOR6BR00,ANIM3,1620233254894879,11.32,11.31,11.3,11.33,11.34,11.35,2600,3800,10300,200,6900,6300,11.33
653,703,BRANIMACNOR6BR00,ANIM3,1620233254895108,11.32,11.31,11.3,11.33,11.34,11.35,2600,3800,10300,400,6900,6300,11.33
654,703,BRANIMACNOR6BR00,ANIM3,1620233254895129,11.32,11.31,11.3,11.33,11.34,11.35,2600,3800,10300,400,6900,6300,11.33
655,703,BRANIMACNOR6BR00,ANIM3,1620233254895576,11.32,11.31,11.3,11.33,11.34,11.35,2600,3800,10300,200,6900,6300,11.33
656,703,BRANIMACNOR6BR00,ANIM3,1620233254895598,11.32,11.31,11.3,11.33,11.34,11.35,2600,3800,10300,200,6900,6300,11.33
657,703,BRANIMACNOR6BR00,ANIM3,1620233254895647,11.32,11.31,11.3,11.34,11.35,11.36,2600,3800,10300,6900,6300,2800,11.33
658,703,BRANIMACNOR6BR00,ANIM3,1620233254895670,11.32,11.31,11.3,11.34,11.35,11.36,2600,3800,10300,6900,6300,2800,11.33
659,703,BRANIMACNOR6BR00,ANIM3,1620233254896627,11.32,11.31,11.3,11.33,11.34,11.35,2600,3800,10300,200,6900,6300,11.33
660,703,BRANIMACNOR6BR00,ANIM3,1620233254896646,11.32,11.31,11.3,11.33,11.34,11.35,2600,3800,10300,200,6900,6300,11.33
661,703,BRANIMACNOR6BR00,ANIM3,1620233254992771,11.32,11.31,11.3,11.33,11.34,11.35,2600,3800,10300,200,6900,6300,11.33
662,703,BRANIMACNOR6BR00,ANIM3,1620233254992804,11.32,11.31,11.3,11.33,11.34,11.35,2600,3800,10300,200,6900,6300,11.33
663,703,BRANIMACNOR6BR00,ANIM3,1620233254993693,11.32,11.31,11.3,11.33,11.34,11.35,2600,3800,10300,200,7600,6300,11.33
664,703,BRANIMACNOR6BR00,ANIM3,1620233254993716,11.32,11.31,11.3,11.33,11.34,11.35,2600,3800,10300,200,7600,6300,11.33
665,703,BRANIMACNOR6BR00,ANIM3,1620233254999415,11.32,11.31,11.3,11.33,11.34,11.35,3100,3800,10300,200,7600,6300,11.33
666,703,BRANIMACNOR6BR00,ANIM3,1620233254999439,11.32,11.31,11.3,11.33,11.34,11.35,3100,3800,10300,200,7600,6300,11.33
667,703,BRANIMACNOR6BR00,ANIM3,1620233255073361,11.32,11.31,11.3,11.34,11.35,11.36,3100,3800,10300,7600,6300,2800,11.33
668,703,BRANIMACNOR6BR00,ANIM3,1620233255073393,11.32,11.31,11.3,11.34,11.35,11.36,3100,3800,10300,7600,6300,2800,11.33
669,703,BRANIMACNOR6BR00,ANIM3,1620233255074039,11.32,11.31,11.3,11.34,11.35,11.36,3100,3800,10300,6900,6300,2800,11.33
670,703,BRANIMACNOR6BR00,ANIM3,1620233255074061,11.32,11.31,11.3,11.34,11.35,11.36,3100,3800,10300,6900,6300,2800,11.33
671,703,BRANIMACNOR6BR00,ANIM3,1620233255074469,11.32,11.31,11.3,11.33,11.34,11.35,3100,3800,10300,200,6900,6300,11.33
672,703,BRANIMACNOR6BR00,ANIM3,1620233255074489,11.32,11.31,11.3,11.33,11.34,11.35,3100,3800,10300,200,6900,6300,11.33
673,703,BRANIMACNOR6BR00,ANIM3,1620233255075199,11.32,11.31,11.3,11.34,11.35,11.36,3100,3800,10300,6900,6300,2800,11.33
674,703,BRANIMACNOR6BR00,ANIM3,1620233255075218,11.32,11.31,11.3,11.34,11.35,11.36,3100,3800,10300,6900,6300,2800,11.33
675,703,BRANIMACNOR6BR00,ANIM3,1620233255076276,11.32,11.31,11.3,11.33,11.34,11.35,3100,3800,10300,200,6900,6300,11.33
676,703,BRANIMACNOR6BR00,ANIM3,1620233255076295,11.32,11.31,11.3,11.33,11.34,11.35,3100,3800,10300,200,6900,6300,11.33
677,703,BRANIMACNOR6BR00,ANIM3,1620233255223528,11.32,11.31,11.3,11.34,11.35,11.36,3100,3800,10300,6900,6300,2800,11.33
678,703,BRANIMACNOR6BR00,ANIM3,1620233255223553,11.32,11.31,11.3,11.34,11.35,11.36,3100,3800,10300,6900,6300,2800,11.33
679,703,BRANIMACNOR6BR00,ANIM3,1620233255224389,11.32,11.31,11.3,11.34,11.35,11.36,3100,3800,10300,6900,7000,2800,11.33
680,703,BRANIMACNOR6BR00,ANIM3,1620233255224410,11.32,11.31,11.3,11.34,11.35,11.36,3100,3800,10300,6900,7000,2800,11.33
681,703,BRANIMACNOR6BR00,ANIM3,1620233255224567,11.32,11.31,11.3,11.33,11.34,11.35,3100,3800,10300,200,6900,7000,11.33
682,703,BRANIMACNOR6BR00,ANIM3,1620233255224588,11.32,11.31,11.3,11.33,11.34,11.35,3100,3800,10300,200,6900,7000,11.33
683,703,BRANIMACNOR6BR00,ANIM3,1620233255225445,11.32,11.31,11.3,11.33,11.34,11.35,3100,3800,10300,200,7600,6300,11.33
684,703,BRANIMACNOR6BR00,ANIM3,1620233255225465,11.32,11.31,11.3,11.33,11.34,11.35,3100,3800,10300,200,7600,6300,11.33
685,703,BRANIMACNOR6BR00,ANIM3,1620233255340207,11.32,11.31,11.3,11.33,11.34,11.35,3100,3800,10300,200,8000,6300,11.33
686,703,BRANIMACNOR6BR00,ANIM3,1620233255340231,11.32,11.31,11.3,11.33,11.34,11.35,3100,3800,10300,200,8000,6300,11.33
687,703,BRANIMACNOR6BR00,ANIM3,1620233255357192,11.32,11.31,11.3,11.33,11.34,11.35,3100,3800,10300,100,8000,6300,11.33
688,703,BRANIMACNOR6BR00,ANIM3,1620233255357216,11.32,11.31,11.3,11.33,11.34,11.35,3100,3800,10300,100,8000,6300,11.33
689,703,BRANIMACNOR6BR00,ANIM3,1620233255857439,11.32,11.31,11.3,11.33,11.34,11.35,3000,3800,10300,100,8000,6300,11.32
690,703,BRANIMACNOR6BR00,ANIM3,1620233255857465,11.32,11.31,11.3,11.33,11.34,11.35,3000,3800,10300,100,8000,6300,11.32
691,703,BRANIMACNOR6BR00,ANIM3,1620233255858134,11.32,11.31,11.3,11.33,11.34,11.35,2800,3800,10300,100,8000,6300,11.32
692,703,BRANIMACNOR6BR00,ANIM3,1620233255858152,11.32,11.31,11.3,11.33,11.34,11.35,2800,3800,10300,100,8000,6300,11.32
693,703,BRANIMACNOR6BR00,ANIM3,1620233255996266,11.32,11.31,11.3,11.33,11.34,11.35,2800,3800,10300,100,8000,6300,11.32
694,703,BRANIMACNOR6BR00,ANIM3,1620233255997565,11.32,11.31,11.3,11.34,11.35,11.36,2800,3800,10300,8000,6300,2800,11.33
695,703,BRANIMACNOR6BR00,ANIM3,1620233255997728,11.32,11.31,11.3,11.34,11.35,11.36,2800,3800,10300,8000,6300,2800,11.33
696,703,BRANIMACNOR6BR00,ANIM3,1620233255998500,11.32,11.31,11.3,11.33,11.34,11.35,2800,3800,10300,200,8000,6300,11.33
697,703,BRANIMACNOR6BR00,ANIM3,1620233255998523,11.32,11.31,11.3,11.33,11.34,11.35,2800,3800,10300,200,8000,6300,11.33
698,703,BRANIMACNOR6BR00,ANIM3,1620233255999412,11.32,11.31,11.3,11.33,11.34,11.35,3000,3800,10300,200,8000,6300,11.33
699,703,BRANIMACNOR6BR00,ANIM3,1620233255999438,11.32,11.31,11.3,11.33,11.34,11.35,3000,3800,10300,200,8000,6300,11.33
700,703,BRANIMACNOR6BR00,ANIM3,1620233256009732,11.32,11.31,11.3,11.34,11.35,11.36,3000,3800,10300,8000,6300,2800,11.33
701,703,BRANIMACNOR6BR00,ANIM3,1620233256009759,11.32,11.31,11.3,11.34,11.35,11.36,3000,3800,10300,8000,6300,2800,11.33
702,703,BRANIMACNOR6BR00,ANIM3,1620233256010812,11.32,11.31,11.3,11.33,11.34,11.35,3000,3800,10300,200,8000,6300,11.33
703,703,BRANIMACNOR6BR00,ANIM3,1620233256010831,11.32,11.31,11.3,11.33,11.34,11.35,3000,3800,10300,200,8000,6300,11.33
704,703,BRANIMACNOR6BR00,ANIM3,1620233256011505,11.32,11.31,11.3,11.34,11.35,11.36,3000,3800,10300,8000,6300,2800,11.33
705,703,BRANIMACNOR6BR00,ANIM3,1620233256011528,11.32,11.31,11.3,11.34,11.35,11.36,3000,3800,10300,8000,6300,2800,11.33
706,703,BRANIMACNOR6BR00,ANIM3,1620233256012623,11.32,11.31,11.3,11.33,11.34,11.35,3000,3800,10300,200,8000,6300,11.33
707,703,BRANIMACNOR6BR00,ANIM3,1620233256012642,11.32,11.31,11.3,11.33,11.34,11.35,3000,3800,10300,200,8000,6300,11.33
708,703,BRANIMACNOR6BR00,ANIM3,1620233256013305,11.32,11.31,11.3,11.34,11.35,11.36,3000,3800,10300,8000,6300,2800,11.33
709,703,BRANIMACNOR6BR00,ANIM3,1620233256013324,11.32,11.31,11.3,11.34,11.35,11.36,3000,3800,10300,8000,6300,2800,11.33
710,703,BRANIMACNOR6BR00,ANIM3,1620233256014344,11.32,11.31,11.3,11.33,11.34,11.35,3000,3800,10300,200,8000,6300,11.33
711,703,BRANIMACNOR6BR00,ANIM3,1620233256014362,11.32,11.31,11.3,11.33,11.34,11.35,3000,3800,10300,200,8000,6300,11.33
712,703,BRANIMACNOR6BR00,ANIM3,1620233256015173,11.32,11.31,11.3,11.34,11.35,11.36,3000,3800,10300,8000,6300,2800,11.33
713,703,BRANIMACNOR6BR00,ANIM3,1620233256015200,11.32,11.31,11.3,11.34,11.35,11.36,3000,3800,10300,8000,6300,2800,11.33
714,703,BRANIMACNOR6BR00,ANIM3,1620233256016143,11.32,11.31,11.3,11.33,11.34,11.35,3000,3800,10300,200,8000,6300,11.33
715,703,BRANIMACNOR6BR00,ANIM3,1620233256016163,11.32,11.31,11.3,11.33,11.34,11.35,3000,3800,10300,200,8000,6300,11.33
716,703,BRANIMACNOR6BR00,ANIM3,1620233256016866,11.32,11.31,11.3,11.34,11.35,11.36,3000,3800,10300,8000,6300,2800,11.33
717,703,BRANIMACNOR6BR00,ANIM3,1620233256016886,11.32,11.31,11.3,11.34,11.35,11.36,3000,3800,10300,8000,6300,2800,11.33
718,703,BRANIMACNOR6BR00,ANIM3,1620233256017855,11.32,11.31,11.3,11.33,11.34,11.35,3000,3800,10300,200,8000,6300,11.33
719,703,BRANIMACNOR6BR00,ANIM3,1620233256017873,11.32,11.31,11.3,11.33,11.34,11.35,3000,3800,10300,200,8000,6300,11.33
720,703,BRANIMACNOR6BR00,ANIM3,1620233256018624,11.32,11.31,11.3,11.34,11.35,11.36,3000,3800,10300,8000,6300,2800,11.33
721,703,BRANIMACNOR6BR00,ANIM3,1620233256018642,11.32,11.31,11.3,11.34,11.35,11.36,3000,3800,10300,8000,6300,2800,11.33
722,703,BRANIMACNOR6BR00,ANIM3,1620233256019927,11.32,11.31,11.3,11.33,11.34,11.35,3000,3800,10300,200,8000,6300,11.33
723,703,BRANIMACNOR6BR00,ANIM3,1620233256019946,11.32,11.31,11.3,11.33,11.34,11.35,3000,3800,10300,200,8000,6300,11.33
724,703,BRANIMACNOR6BR00,ANIM3,1620233256020630,11.32,11.31,11.3,11.34,11.35,11.36,3000,3800,10300,8000,6300,2800,11.33
725,703,BRANIMACNOR6BR00,ANIM3,1620233256020647,11.32,11.31,11.3,11.34,11.35,11.36,3000,3800,10300,8000,6300,2800,11.33
726,703,BRANIMACNOR6BR00,ANIM3,1620233256021729,11.32,11.31,11.3,11.33,11.34,11.35,3000,3800,10300,200,8000,6300,11.33
727,703,BRANIMACNOR6BR00,ANIM3,1620233256021748,11.32,11.31,11.3,11.33,11.34,11.35,3000,3800,10300,200,8000,6300,11.33
728,703,BRANIMACNOR6BR00,ANIM3,1620233256022433,11.32,11.31,11.3,11.34,11.35,11.36,3000,3800,10300,8000,6300,2800,11.33
729,703,BRANIMACNOR6BR00,ANIM3,1620233256022451,11.32,11.31,11.3,11.34,11.35,11.36,3000,3800,10300,8000,6300,2800,11.33
730,703,BRANIMACNOR6BR00,ANIM3,1620233256023488,11.32,11.31,11.3,11.33,11.34,11.35,3000,3800,10300,200,8000,6300,11.33
731,703,BRANIMACNOR6BR00,ANIM3,1620233256023506,11.32,11.31,11.3,11.33,11.34,11.35,3000,3800,10300,200,8000,6300,11.33
732,703,BRANIMACNOR6BR00,ANIM3,1620233256024175,11.32,11.31,11.3,11.34,11.35,11.36,3000,3800,10300,8000,6300,2800,11.33
733,703,BRANIMACNOR6BR00,ANIM3,1620233256024201,11.32,11.31,11.3,11.34,11.35,11.36,3000,3800,10300,8000,6300,2800,11.33
734,703,BRANIMACNOR6BR00,ANIM3,1620233256025147,11.32,11.31,11.3,11.33,11.34,11.35,3000,3800,10300,200,8000,6300,11.33
735,703,BRANIMACNOR6BR00,ANIM3,1620233256025177,11.32,11.31,11.3,11.33,11.34,11.35,3000,3800,10300,200,8000,6300,11.33
736,703,BRANIMACNOR6BR00,ANIM3,1620233256025788,11.32,11.31,11.3,11.34,11.35,11.36,3000,3800,10300,8000,6300,2800,11.33
737,703,BRANIMACNOR6BR00,ANIM3,1620233256025805,11.32,11.31,11.3,11.34,11.35,11.36,3000,3800,10300,8000,6300,2800,11.33
738,703,BRANIMACNOR6BR00,ANIM3,1620233256057240,11.32,11.31,11.3,11.33,11.34,11.35,3000,3800,10300,200,8000,6300,11.33
739,703,BRANIMACNOR6BR00,ANIM3,1620233256057260,11.32,11.31,11.3,11.33,11.34,11.35,3000,3800,10300,200,8000,6300,11.33
740,703,BRANIMACNOR6BR00,ANIM3,1620233256057997,11.32,11.31,11.3,11.34,11.35,11.36,3000,3800,10300,8000,6300,2800,11.33
741,703,BRANIMACNOR6BR00,ANIM3,1620233256058014,11.32,11.31,11.3,11.34,11.35,11.36,3000,3800,10300,8000,6300,2800,11.33
742,703,BRANIMACNOR6BR00,ANIM3,1620233256061239,11.32,11.31,11.3,11.34,11.35,11.36,3000,3800,10300,8000,6300,2800,11.33
743,703,BRANIMACNOR6BR00,ANIM3,1620233256061260,11.32,11.31,11.3,11.34,11.35,11.36,3000,3800,10300,8000,6300,2800,11.33
744,703,BRANIMACNOR6BR00,ANIM3,1620233256942771,11.33,11.32,11.31,11.34,11.35,11.36,100,3000,3800,8000,6300,2800,11.33
745,703,BRANIMACNOR6BR00,ANIM3,1620233256944127,11.32,11.31,11.3,11.33,11.34,11.35,2800,3800,10300,100,7300,3700,11.33
746,703,BRANIMACNOR6BR00,ANIM3,1620233256944287,11.32,11.31,11.3,11.33,11.34,11.35,2800,3800,10300,100,7300,3700,11.33
747,703,BRANIMACNOR6BR00,ANIM3,1620233256944411,11.32,11.31,11.3,11.34,11.35,11.36,2800,3800,10300,7300,3700,5400,11.33
748,703,BRANIMACNOR6BR00,ANIM3,1620233256945481,11.33,11.32,11.31,11.34,11.35,11.36,100,3000,3800,7300,4400,5400,11.33
749,703,BRANIMACNOR6BR00,ANIM3,1620233257945892,11.32,11.31,11.3,11.34,11.35,11.36,3000,2900,10300,6800,4400,5400,11.33
750,703,BRANIMACNOR6BR00,ANIM3,1620233258080751,11.32,11.31,11.3,11.34,11.35,11.36,3000,2900,10300,6800,4400,5400,11.33
751,703,BRANIMACNOR6BR00,ANIM3,1620233258080781,11.32,11.31,11.3,11.34,11.35,11.36,3000,2900,10300,6800,4400,5400,11.33
752,703,BRANIMACNOR6BR00,ANIM3,1620233260968635,11.32,11.31,11.3,11.33,11.34,11.35,3000,2900,10300,200,6800,4400,11.33
753,703,BRANIMACNOR6BR00,ANIM3,1620233260970021,11.33,11.32,11.31,11.34,11.35,11.36,100,3000,2900,7500,3700,2800,11.33
754,703,BRANIMACNOR6BR00,ANIM3,1620233260970639,11.32,11.31,11.3,11.33,11.34,11.35,3000,2900,10300,100,6800,6300,11.33
755,703,BRANIMACNOR6BR00,ANIM3,1620233260970772,11.32,11.31,11.3,11.34,11.35,11.36,3000,2900,10300,6800,6300,2800,11.33
756,703,BRANIMACNOR6BR00,ANIM3,1620233260971955,11.32,11.31,11.3,11.33,11.34,11.35,3000,2900,10300,100,6800,7000,11.33
757,703,BRANIMACNOR6BR00,ANIM3,1620233260972249,11.32,11.31,11.3,11.33,11.34,11.35,3000,2900,10300,100,6800,7000,11.33
758,703,BRANIMACNOR6BR00,ANIM3,1620233260972382,11.32,11.31,11.3,11.33,11.34,11.35,3000,2900,10300,300,6800,7000,11.33
759,703,BRANIMACNOR6BR00,ANIM3,1620233260973883,11.33,11.32,11.31,11.34,11.35,11.36,100,3700,2900,6800,7000,2800,11.33
760,703,BRANIMACNOR6BR00,ANIM3,1620233260974911,11.32,11.31,11.3,11.34,11.35,11.36,3500,2900,10300,6800,7000,2800,11.33
761,703,BRANIMACNOR6BR00,ANIM3,1620233260976797,11.32,11.31,11.3,11.34,11.35,11.36,3500,2900,10300,7500,6300,2800,11.33
762,703,BRANIMACNOR6BR00,ANIM3,1620233260977938,11.32,11.31,11.3,11.33,11.34,11.35,3500,2900,10300,100,6800,6300,11.33
763,703,BRANIMACNOR6BR00,ANIM3,1620233260978115,11.32,11.31,11.3,11.33,11.34,11.35,3500,2900,10300,100,6800,6300,11.33
764,703,BRANIMACNOR6BR00,ANIM3,1620233260978431,11.32,11.31,11.3,11.34,11.35,11.36,3500,2900,10300,6800,6300,2800,11.33
765,703,BRANIMACNOR6BR00,ANIM3,1620233260979540,11.33,11.32,11.31,11.34,11.35,11.36,100,4000,2900,6800,6300,2800,11.33
766,703,BRANIMACNOR6BR00,ANIM3,1620233261476130,11.32,11.31,11.3,11.34,11.35,11.36,4000,2900,10300,6500,4400,5400,11.33
767,703,BRANIMACNOR6BR00,ANIM3,1620233261978056,11.32,11.31,11.3,11.34,11.35,11.36,3900,2900,10300,6500,4400,5400,11.32
768,703,BRANIMACNOR6BR00,ANIM3,1620233261979372,11.32,11.31,11.3,11.33,11.34,11.35,3900,2900,10300,100,6500,4400,11.33
769,703,BRANIMACNOR6BR00,ANIM3,1620233261979547,11.32,11.31,11.3,11.33,11.34,11.35,3900,2900,10300,100,6500,4400,11.33
770,703,BRANIMACNOR6BR00,ANIM3,1620233261979717,11.32,11.31,11.3,11.34,11.35,11.36,3900,2900,10300,6500,4400,5400,11.33
771,703,BRANIMACNOR6BR00,ANIM3,1620233261980843,11.33,11.32,11.31,11.34,11.35,11.36,100,3800,2900,6500,6300,2800,11.33
772,703,BRANIMACNOR6BR00,ANIM3,1620233262475277,11.32,11.31,11.3,11.34,11.35,11.36,3800,2900,10700,6500,4400,5400,11.33
773,703,BRANIMACNOR6BR00,ANIM3,1620233262978456,11.32,11.31,11.3,11.34,11.35,11.36,3800,2900,10700,6400,4400,5400,11.34
774,703,BRANIMACNOR6BR00,ANIM3,1620233262979648,11.33,11.32,11.31,11.34,11.35,11.36,100,3800,2900,6400,4400,5400,11.34
775,703,BRANIMACNOR6BR00,ANIM3,1620233264477135,11.33,11.32,11.31,11.34,11.35,11.36,900,3800,2900,5400,4400,5400,11.34
776,703,BRANIMACNOR6BR00,ANIM3,1620233264477156,11.33,11.32,11.31,11.34,11.35,11.36,900,3800,2900,5400,4400,5400,11.34
777,703,BRANIMACNOR6BR00,ANIM3,1620233264980178,11.33,11.32,11.31,11.34,11.35,11.36,700,3800,2900,4600,4400,5400,11.33
778,703,BRANIMACNOR6BR00,ANIM3,1620233264980995,11.33,11.32,11.31,11.34,11.35,11.36,700,3800,2900,4500,4400,5400,11.34
779,703,BRANIMACNOR6BR00,ANIM3,1620233264982264,11.33,11.32,11.31,11.34,11.35,11.36,700,3800,2900,4400,4400,5400,11.34
780,703,BRANIMACNOR6BR00,ANIM3,1620233264982409,11.33,11.32,11.31,11.34,11.35,11.36,700,3800,2900,4400,4400,5400,11.34
781,703,BRANIMACNOR6BR00,ANIM3,1620233265407204,11.33,11.32,11.31,11.34,11.35,11.36,900,3300,2900,4400,4400,5400,11.34
782,703,BRANIMACNOR6BR00,ANIM3,1620233265407234,11.33,11.32,11.31,11.34,11.35,11.36,900,3300,2900,4400,4400,5400,11.34
783,703,BRANIMACNOR6BR00,ANIM3,1620233265483246,11.33,11.32,11.31,11.34,11.35,11.36,800,3300,2900,4400,4400,5400,11.33
784,703,BRANIMACNOR6BR00,ANIM3,1620233265484459,11.33,11.32,11.31,11.34,11.35,11.36,800,3300,2900,4200,4400,5400,11.34
785,703,BRANIMACNOR6BR00,ANIM3,1620233265484619,11.33,11.32,11.31,11.34,11.35,11.36,800,3300,2900,4200,4400,5400,11.34
786,703,BRANIMACNOR6BR00,ANIM3,1620233265983497,11.33,11.32,11.31,11.34,11.35,11.36,700,3300,2900,4200,4400,5400,11.33
787,703,BRANIMACNOR6BR00,ANIM3,1620233265984730,11.33,11.32,11.31,11.34,11.35,11.36,700,3300,2900,4100,4400,5400,11.34
788,703,BRANIMACNOR6BR00,ANIM3,1620233265984943,11.33,11.32,11.31,11.34,11.35,11.36,700,3300,2900,4100,4400,5400,11.34
789,703,BRANIMACNOR6BR00,ANIM3,1620233265985466,11.33,11.32,11.31,11.34,11.35,11.36,700,3300,2900,4300,4400,5400,11.34
790,703,BRANIMACNOR6BR00,ANIM3,1620233265987019,11.33,11.32,11.31,11.34,11.35,11.36,700,3300,2900,4400,4400,5400,11.34
791,703,BRANIMACNOR6BR00,ANIM3,1620233265987223,11.33,11.32,11.31,11.34,11.35,11.36,700,3300,2900,4400,4400,5400,11.34
792,703,BRANIMACNOR6BR00,ANIM3,1620233266494211,11.33,11.32,11.31,11.34,11.35,11.36,700,3300,2900,4300,4400,5400,11.34
793,703,BRANIMACNOR6BR00,ANIM3,1620233266495591,11.33,11.32,11.31,11.34,11.35,11.36,700,3300,2900,4300,4400,5400,11.34
794,703,BRANIMACNOR6BR00,ANIM3,1620233266495739,11.33,11.32,11.31,11.34,11.35,11.36,700,3300,2900,4200,4400,5400,11.34
795,703,BRANIMACNOR6BR00,ANIM3,1620233266981739,11.33,11.32,11.31,11.34,11.35,11.36,600,3300,2900,4200,4400,5400,11.33
796,703,BRANIMACNOR6BR00,ANIM3,1620233266982946,11.33,11.32,11.31,11.34,11.35,11.36,600,3300,2900,4100,4400,5400,11.34
797,703,BRANIMACNOR6BR00,ANIM3,1620233266983100,11.33,11.32,11.31,11.34,11.35,11.36,600,3300,2900,4100,4400,5400,11.34
798,703,BRANIMACNOR6BR00,ANIM3,1620233266986906,11.33,11.32,11.31,11.34,11.35,11.36,500,3300,2900,4100,4400,5400,11.33
799,703,BRANIMACNOR6BR00,ANIM3,1620233266988106,11.33,11.32,11.31,11.34,11.35,11.36,500,3300,2900,4000,4400,5400,11.34
800,703,BRANIMACNOR6BR00,ANIM3,1620233266988266,11.33,11.32,11.31,11.34,11.35,11.36,500,3300,2900,4000,4400,5400,11.34
801,703,BRANIMACNOR6BR00,ANIM3,1620233267489771,11.33,11.32,11.31,11.34,11.35,11.36,500,3300,2900,3900,4400,5400,11.34
802,703,BRANIMACNOR6BR00,ANIM3,1620233267491107,11.33,11.32,11.31,11.34,11.35,11.36,500,3300,2900,3800,4400,5400,11.34
803,703,BRANIMACNOR6BR00,ANIM3,1620233267491251,11.33,11.32,11.31,11.34,11.35,11.36,500,3300,2900,3800,4400,5400,11.34
804,703,BRANIMACNOR6BR00,ANIM3,1620233267986057,11.33,11.32,11.31,11.34,11.35,11.36,400,3300,2900,3800,4400,5400,11.33
805,703,BRANIMACNOR6BR00,ANIM3,1620233267987441,11.33,11.32,11.31,11.34,11.35,11.36,400,3300,2900,3700,4400,5400,11.34
806,703,BRANIMACNOR6BR00,ANIM3,1620233267987877,11.33,11.32,11.31,11.34,11.35,11.36,400,3300,2900,3700,4400,5400,11.34
807,703,BRANIMACNOR6BR00,ANIM3,1620233268071385,11.33,11.32,11.31,11.34,11.35,11.36,400,3400,2900,3700,4400,5400,11.34
808,703,BRANIMACNOR6BR00,ANIM3,1620233268072779,11.33,11.32,11.31,11.34,11.35,11.36,400,3400,2900,3600,4400,5400,11.34
809,703,BRANIMACNOR6BR00,ANIM3,1620233268072944,11.33,11.32,11.31,11.34,11.35,11.36,400,3400,2900,3600,4400,5400,11.34
810,703,BRANIMACNOR6BR00,ANIM3,1620233269650529,11.33,11.32,11.31,11.34,11.35,11.36,400,3400,2900,3600,4400,5400,11.34
811,703,BRANIMACNOR6BR00,ANIM3,1620233269650552,11.33,11.32,11.31,11.34,11.35,11.36,400,3400,2900,3600,4400,5400,11.34
812,703,BRANIMACNOR6BR00,ANIM3,1620233280080294,11.33,11.32,11.31,11.34,11.35,11.36,400,3400,2900,3700,4400,5400,11.34
813,703,BRANIMACNOR6BR00,ANIM3,1620233280081529,11.33,11.32,11.31,11.34,11.35,11.36,400,3400,2900,3600,4400,5400,11.34
814,703,BRANIMACNOR6BR00,ANIM3,1620233280081728,11.33,11.32,11.31,11.34,11.35,11.36,400,3400,2900,3600,4400,5400,11.34
815,703,BRANIMACNOR6BR00,ANIM3,1620233280218456,11.33,11.32,11.31,11.34,11.35,11.36,400,3400,2900,3600,4400,5400,11.34
816,703,BRANIMACNOR6BR00,ANIM3,1620233280221467,11.33,11.32,11.31,11.34,11.35,11.36,400,3400,2900,3500,4400,5400,11.34
817,703,BRANIMACNOR6BR00,ANIM3,1620233280221536,11.33,11.32,11.31,11.34,11.35,11.36,400,3400,2900,3500,4400,5400,11.34
818,703,BRANIMACNOR6BR00,ANIM3,1620233280303537,11.33,11.32,11.31,11.34,11.35,11.36,400,3400,2900,3400,4400,5400,11.34
819,703,BRANIMACNOR6BR00,ANIM3,1620233280304836,11.33,11.32,11.31,11.34,11.35,11.36,400,3400,2900,3300,4400,5400,11.34
820,703,BRANIMACNOR6BR00,ANIM3,1620233280305033,11.33,11.32,11.31,11.34,11.35,11.36,400,3400,2900,3300,4400,5400,11.34
821,703,BRANIMACNOR6BR00,ANIM3,1620233280582112,11.33,11.32,11.31,11.34,11.35,11.36,300,3400,2900,3300,4400,5400,11.33
822,703,BRANIMACNOR6BR00,ANIM3,1620233280582139,11.33,11.32,11.31,11.34,11.35,11.36,300,3400,2900,3300,4400,5400,11.33
823,703,BRANIMACNOR6BR00,ANIM3,1620233281200871,11.33,11.32,11.31,11.34,11.35,11.36,300,3400,2900,3300,4400,5400,11.33
824,703,BRANIMACNOR6BR00,ANIM3,1620233281202092,11.33,11.32,11.31,11.34,11.35,11.36,400,3400,2900,3300,4400,5400,11.33
825,703,BRANIMACNOR6BR00,ANIM3,1620233298530489,11.33,11.32,11.31,11.34,11.35,11.36,1100,3400,5500,3200,4400,5400,11.34
826,703,BRANIMACNOR6BR00,ANIM3,1620233298531927,11.33,11.32,11.31,11.34,11.35,11.36,1000,3400,5500,3100,4400,5400,11.34
827,703,BRANIMACNOR6BR00,ANIM3,1620233298532118,11.33,11.32,11.31,11.34,11.35,11.36,1000,3400,5500,3100,4400,5400,11.34
828,703,BRANIMACNOR6BR00,ANIM3,1620233300407016,11.33,11.32,11.31,11.34,11.35,11.36,1100,3200,5500,3100,4400,5400,11.34
829,703,BRANIMACNOR6BR00,ANIM3,1620233300408343,11.33,11.32,11.31,11.34,11.35,11.36,1100,3200,5500,3000,4400,5400,11.34
830,703,BRANIMACNOR6BR00,ANIM3,1620233300408533,11.33,11.32,11.31,11.34,11.35,11.36,1100,3200,5500,3000,4400,5400,11.34
831,703,BRANIMACNOR6BR00,ANIM3,1620233300573843,11.33,11.32,11.31,11.34,11.35,11.36,1000,3200,5500,3000,4400,5400,11.33
832,703,BRANIMACNOR6BR00,ANIM3,1620233300575997,11.33,11.32,11.31,11.34,11.35,11.36,1000,3200,5500,2900,4400,5400,11.34
833,703,BRANIMACNOR6BR00,ANIM3,1620233300576206,11.33,11.32,11.31,11.34,11.35,11.36,1000,3200,5500,2900,4400,5400,11.34
834,703,BRANIMACNOR6BR00,ANIM3,1620233301256234,11.33,11.32,11.31,11.34,11.35,11.36,1000,3200,5500,2100,4400,5400,11.34
835,703,BRANIMACNOR6BR00,ANIM3,1620233301257447,11.33,11.32,11.31,11.34,11.35,11.36,1100,3200,5500,2000,3700,5400,11.34
836,703,BRANIMACNOR6BR00,ANIM3,1620233301257606,11.33,11.32,11.31,11.34,11.35,11.36,1100,3200,5500,2000,3700,5400,11.34
