,MappingNumber,EsteeID,Ticker, CurrTimeInMicroSeconds, BP1, BP2, BP3, AP1, AP2, AP3, BQ1, BQ2, BQ3, AQ1, AQ2, AQ3, LTP
0,129,BRAALRACNOR6BR00,AALR3,1622220023339083,11.46,11.45,11.44,11.47,11.48,11.49,2900,1400,3200,700,2200,1400,11.47
1,129,BRAALRACNOR6BR00,AALR3,1622220023340268,11.46,11.45,11.44,11.47,11.48,11.49,3000,1400,3200,700,2200,1400,11.47
2,129,BRAALRACNOR6BR00,AALR3,1622220042852887,11.46,11.45,11.44,11.48,11.49,11.5,2200,900,1200,1900,1500,8600,11.47
3,129,BRAALRACNOR6BR00,AALR3,1622220042854248,11.47,11.46,11.45,11.48,11.49,11.5,100,2700,1300,1900,1500,8600,11.47
4,129,BRAALRACNOR6BR00,AALR3,1622220043693443,11.48,11.47,11.46,11.49,11.5,11.51,1100,1000,1800,1500,8600,800,11.48
5,129,BRAALRACNOR6BR00,AALR3,1622220043694696,11.48,11.47,11.46,11.49,11.5,11.51,1200,1500,2200,800,8600,800,11.48
6,129,BRAALRACNOR6BR00,AALR3,1622220045699904,11.48,11.47,11.46,11.5,11.51,11.52,2100,1900,1500,6200,800,3200,11.49
7,129,BRAALRACNOR6BR00,AALR3,1622220045701310,11.49,11.48,11.47,11.5,11.51,11.52,100,2600,1900,5600,800,3200,11.49
8,129,BRAALRACNOR6BR00,AALR3,1622220045702540,11.48,11.47,11.46,11.5,11.51,11.52,2600,1900,1500,5600,800,3200,11.49
9,129,BRAALRACNOR6BR00,AALR3,1622220046129719,11.48,11.47,11.46,11.5,11.51,11.52,2600,1900,1500,5600,800,3200,11.49
10,129,BRAALRACNOR6BR00,AALR3,1622220046131025,11.49,11.48,11.47,11.5,11.51,11.52,100,2000,1900,5600,800,3200,11.49
11,129,BRAALRACNOR6BR00,AALR3,1622220054335831,11.49,11.48,11.47,11.5,11.51,11.52,1200,2300,1100,5600,700,3200,11.49
12,129,BRAALRACNOR6BR00,AALR3,1622220054436497,11.49,11.48,11.47,11.5,11.51,11.52,1100,2300,1100,5600,700,3200,11.49
13,129,BRAALRACNOR6BR00,AALR3,1622220054437877,11.49,11.48,11.47,11.5,11.51,11.52,1200,1700,1100,5600,700,3200,11.49
14,129,BRAALRACNOR6BR00,AALR3,1622220065713456,11.48,11.47,11.46,11.49,11.5,11.51,2300,1100,4000,600,5200,700,11.49
15,129,BRAALRACNOR6BR00,AALR3,1622220065713568,11.48,11.47,11.46,11.49,11.5,11.51,2300,1100,4000,600,5200,700,11.49
16,129,BRAALRACNOR6BR00,AALR3,1622220065714607,11.48,11.47,11.46,11.49,11.5,11.51,1700,1100,4000,600,5200,700,11.49
17,129,BRAALRACNOR6BR00,AALR3,1622220065715866,11.48,11.47,11.46,11.49,11.5,11.51,1800,1100,4100,600,5200,800,11.49
18,129,BRAALRACNOR6BR00,AALR3,1622220065716728,11.48,11.47,11.46,11.5,11.51,11.52,1800,1100,4100,5200,800,3200,11.49
19,129,BRAALRACNOR6BR00,AALR3,1622220065717919,11.49,11.48,11.47,11.5,11.51,11.52,100,2400,1100,5200,800,3200,11.49
20,129,BRAALRACNOR6BR00,AALR3,1622220066380527,11.49,11.48,11.47,11.51,11.52,11.53,500,2800,700,100,3200,3900,11.5
21,129,BRAALRACNOR6BR00,AALR3,1622220066381923,11.5,11.49,11.48,11.52,11.53,11.54,700,1000,2800,3200,3900,1300,11.5
22,129,BRAALRACNOR6BR00,AALR3,1622220066382023,11.5,11.49,11.48,11.52,11.53,11.54,700,1000,2800,2200,3900,1300,11.5
23,129,BRAALRACNOR6BR00,AALR3,1622220066383404,11.49,11.48,11.47,11.51,11.52,11.53,1400,2400,1100,300,1600,3900,11.51
24,129,BRAALRACNOR6BR00,AALR3,1622220066383616,11.49,11.48,11.47,11.51,11.52,11.53,1400,2400,1100,300,1600,3900,11.51
25,129,BRAALRACNOR6BR00,AALR3,1622220066383739,11.49,11.48,11.47,11.51,11.52,11.53,1000,2400,1100,300,1600,3900,11.51
26,129,BRAALRACNOR6BR00,AALR3,1622220066384964,11.5,11.49,11.48,11.51,11.52,11.53,100,1000,2400,300,1600,3900,11.51
27,129,BRAALRACNOR6BR00,AALR3,1622220076350109,11.51,11.5,11.49,11.52,11.53,11.54,600,100,1700,2400,1600,1300,11.51
28,129,BRAALRACNOR6BR00,AALR3,1622220076351419,11.51,11.49,11.48,11.52,11.53,11.54,100,1700,1800,2400,1600,1300,11.51
29,129,BRAALRACNOR6BR00,AALR3,1622220076352248,11.49,11.48,11.47,11.51,11.52,11.53,1700,1800,1100,300,2400,1600,11.51
30,129,BRAALRACNOR6BR00,AALR3,1622220076352496,11.49,11.48,11.47,11.51,11.52,11.53,1700,1800,1100,300,2400,1600,11.51
31,129,BRAALRACNOR6BR00,AALR3,1622220076352906,11.49,11.48,11.47,11.51,11.52,11.53,1300,1800,1100,300,2400,1600,11.51
32,129,BRAALRACNOR6BR00,AALR3,1622220076354234,11.5,11.49,11.48,11.51,11.52,11.53,100,1300,1800,300,2000,1600,11.51
33,129,BRAALRACNOR6BR00,AALR3,1622220101365120,11.5,11.49,11.48,11.51,11.52,11.53,200,100,2200,900,1600,1500,11.5
34,129,BRAALRACNOR6BR00,AALR3,1622220101586045,11.5,11.49,11.48,11.51,11.52,11.53,200,100,2200,800,1600,1500,11.5
35,129,BRAALRACNOR6BR00,AALR3,1622220101588347,11.5,11.49,11.48,11.51,11.52,11.53,300,100,2200,800,1600,1500,11.5
36,129,BRAALRACNOR6BR00,AALR3,1622220110923164,11.49,11.48,11.47,11.51,11.52,11.53,100,2200,1100,900,1600,1500,11.5
37,129,BRAALRACNOR6BR00,AALR3,1622220112017260,11.49,11.48,11.47,11.51,11.52,11.53,100,2200,1100,200,1600,1500,11.51
38,129,BRAALRACNOR6BR00,AALR3,1622220112018537,11.5,11.49,11.48,11.51,11.52,11.53,100,1100,2200,200,1600,1500,11.51
39,129,BRAALRACNOR6BR00,AALR3,1622220121124433,11.49,11.48,11.47,11.51,11.52,11.53,100,1900,1100,300,1600,1500,11.5
40,129,BRAALRACNOR6BR00,AALR3,1622220121125141,11.49,11.48,11.47,11.51,11.52,11.53,500,1900,1100,300,1600,1500,11.5
41,129,BRAALRACNOR6BR00,AALR3,1622220121126416,11.5,11.49,11.48,11.51,11.52,11.53,100,500,1900,300,1600,1500,11.5
42,129,BRAALRACNOR6BR00,AALR3,1622220130393366,11.49,11.48,11.47,11.51,11.52,11.53,400,1900,1100,300,1600,1500,11.5
43,129,BRAALRACNOR6BR00,AALR3,1622220130394040,11.49,11.48,11.47,11.51,11.52,11.53,800,1900,1100,300,1600,1500,11.5
44,129,BRAALRACNOR6BR00,AALR3,1622220130395313,11.5,11.49,11.48,11.51,11.52,11.53,100,800,1900,300,1600,1500,11.5
45,129,BRAALRACNOR6BR00,AALR3,1622220138516926,11.49,11.48,11.47,11.51,11.52,11.53,400,1900,1100,300,1600,1500,11.5
46,129,BRAALRACNOR6BR00,AALR3,1622220141368058,11.49,11.48,11.47,11.51,11.52,11.53,400,1900,1100,300,1700,1500,11.5
47,129,BRAALRACNOR6BR00,AALR3,1622220141369240,11.5,11.49,11.48,11.51,11.52,11.53,100,400,1900,300,1700,1500,11.5
48,129,BRAALRACNOR6BR00,AALR3,1622220173802200,11.5,11.49,11.48,11.52,11.53,11.54,900,1100,1800,1600,1700,6700,11.51
49,129,BRAALRACNOR6BR00,AALR3,1622220173803667,11.51,11.5,11.49,11.52,11.53,11.54,100,1300,1100,1600,1700,6700,11.51
50,129,BRAALRACNOR6BR00,AALR3,1622220173804790,11.5,11.49,11.48,11.52,11.53,11.54,1300,1100,1800,1600,1700,6700,11.51
51,129,BRAALRACNOR6BR00,AALR3,1622220173805390,11.5,11.49,11.48,11.52,11.53,11.54,1300,1100,1800,2000,1700,6700,11.51
52,129,BRAALRACNOR6BR00,AALR3,1622220173806586,11.51,11.5,11.49,11.52,11.53,11.54,100,800,1100,2000,1700,6700,11.51
53,129,BRAALRACNOR6BR00,AALR3,1622220184012548,11.51,11.5,11.49,11.52,11.53,11.54,100,1100,1100,800,1600,4300,11.51
54,129,BRAALRACNOR6BR00,AALR3,1622220184013069,11.51,11.5,11.49,11.52,11.53,11.54,100,500,1100,800,1600,4300,11.51
55,129,BRAALRACNOR6BR00,AALR3,1622220184014344,11.51,11.5,11.49,11.52,11.53,11.54,100,500,1100,800,1600,4300,11.51
56,129,BRAALRACNOR6BR00,AALR3,1622220197431587,11.5,11.49,11.48,11.52,11.53,11.54,800,1100,1800,1100,1600,4300,11.51
57,129,BRAALRACNOR6BR00,AALR3,1622220213337011,11.51,11.5,11.49,11.52,11.53,11.54,200,600,1100,1100,1600,4300,11.51
58,129,BRAALRACNOR6BR00,AALR3,1622220213341725,11.51,11.5,11.49,11.52,11.53,11.54,300,600,1100,1100,1600,4300,11.51
59,129,BRAALRACNOR6BR00,AALR3,1622220214306482,11.51,11.5,11.49,11.54,11.55,11.56,300,1200,1100,3000,7400,1600,11.54
60,129,BRAALRACNOR6BR00,AALR3,1622220214308078,11.52,11.51,11.5,11.54,11.55,11.56,700,1000,1600,3400,6800,1600,11.54
61,129,BRAALRACNOR6BR00,AALR3,1622220214308433,11.52,11.51,11.5,11.54,11.55,11.56,700,1000,1600,3400,6700,1600,11.54
62,129,BRAALRACNOR6BR00,AALR3,1622220214309721,11.53,11.52,11.51,11.54,11.55,11.56,100,1200,1000,3400,5800,1600,11.54
63,129,BRAALRACNOR6BR00,AALR3,1622220216298731,11.53,11.52,11.51,11.54,11.55,11.56,200,1200,1000,3100,3400,1600,11.53
64,129,BRAALRACNOR6BR00,AALR3,1622220216299046,11.53,11.52,11.51,11.54,11.55,11.56,200,800,1000,3100,3400,1600,11.53
65,129,BRAALRACNOR6BR00,AALR3,1622220216300282,11.53,11.52,11.51,11.54,11.55,11.56,300,800,1100,3100,3400,1600,11.53
66,129,BRAALRACNOR6BR00,AALR3,1622220222513348,11.51,11.5,11.49,11.54,11.55,11.56,1100,1600,1500,3100,3200,1600,11.51
67,129,BRAALRACNOR6BR00,AALR3,1622220222513548,11.51,11.5,11.49,11.54,11.55,11.56,1100,1600,1500,3100,3200,1600,11.51
68,129,BRAALRACNOR6BR00,AALR3,1622220222514669,11.51,11.5,11.49,11.54,11.55,11.56,500,1600,1500,3100,3200,1600,11.51
69,129,BRAALRACNOR6BR00,AALR3,1622220222515983,11.52,11.51,11.5,11.53,11.54,11.55,100,500,1600,400,4000,3200,11.51
70,129,BRAALRACNOR6BR00,AALR3,1622220222713808,11.52,11.51,11.5,11.54,11.55,11.56,500,1100,1200,3100,3800,1600,11.51
71,129,BRAALRACNOR6BR00,AALR3,1622220222715382,11.53,11.52,11.51,11.54,11.55,11.56,100,400,1100,3100,3800,1600,11.51
72,129,BRAALRACNOR6BR00,AALR3,1622220231475741,11.52,11.51,11.5,11.54,11.55,11.56,1000,1100,1200,3100,2800,1200,11.53
73,129,BRAALRACNOR6BR00,AALR3,1622220231476344,11.52,11.51,11.5,11.54,11.55,11.56,400,1100,1200,3100,2800,1200,11.53
74,129,BRAALRACNOR6BR00,AALR3,1622220231477537,11.53,11.52,11.51,11.54,11.55,11.56,100,500,1100,3100,2800,1200,11.53
75,129,BRAALRACNOR6BR00,AALR3,1622220240019122,11.52,11.51,11.5,11.54,11.55,11.56,100,1100,1200,3200,3400,1200,11.53
76,129,BRAALRACNOR6BR00,AALR3,1622220244903405,11.52,11.51,11.5,11.54,11.55,11.56,100,1100,1200,3200,3500,1200,11.53
77,129,BRAALRACNOR6BR00,AALR3,1622220244904747,11.53,11.52,11.51,11.54,11.55,11.56,100,100,1100,3200,3500,1200,11.53
78,129,BRAALRACNOR6BR00,AALR3,1622220244905903,11.52,11.51,11.5,11.54,11.55,11.56,100,1100,1200,3200,3500,1200,11.53
79,129,BRAALRACNOR6BR00,AALR3,1622220244927384,11.52,11.51,11.5,11.54,11.55,11.56,500,1100,1200,3200,3500,1200,11.53
80,129,BRAALRACNOR6BR00,AALR3,1622220244928668,11.53,11.52,11.51,11.54,11.55,11.56,100,500,1100,3200,3500,1200,11.53
81,129,BRAALRACNOR6BR00,AALR3,1622220249909470,11.52,11.51,11.5,11.54,11.55,11.56,1400,1100,1200,3200,2900,1200,11.53
82,129,BRAALRACNOR6BR00,AALR3,1622220249910159,11.52,11.51,11.5,11.54,11.55,11.56,1400,1100,1200,3200,3500,1200,11.53
83,129,BRAALRACNOR6BR00,AALR3,1622220249911402,11.53,11.52,11.51,11.54,11.55,11.56,100,1400,1100,3200,3500,1200,11.53
84,129,BRAALRACNOR6BR00,AALR3,1622220249912528,11.52,11.51,11.5,11.54,11.55,11.56,1400,1100,1200,3200,2900,1200,11.53
85,129,BRAALRACNOR6BR00,AALR3,1622220249913205,11.52,11.51,11.5,11.54,11.55,11.56,1400,1100,1200,3200,3500,1200,11.53
86,129,BRAALRACNOR6BR00,AALR3,1622220249914443,11.53,11.52,11.51,11.54,11.55,11.56,100,1400,1100,3200,3500,1200,11.53
87,129,BRAALRACNOR6BR00,AALR3,1622220258122251,11.52,11.51,11.5,11.54,11.55,11.56,1400,1100,1200,3300,2800,1200,11.53
88,132,BRABCBACNPR4BR00,ABCB4,1622220023544650,16.97,16.96,16.95,16.98,16.99,17.0,100,200,900,800,1000,1200,16.97
89,132,BRABCBACNPR4BR00,ABCB4,1622220023544676,16.97,16.96,16.95,16.98,16.99,17.0,100,200,900,800,1000,1200,16.97
90,132,BRABCBACNPR4BR00,ABCB4,1622220023545249,16.97,16.96,16.95,16.98,16.99,17.0,100,200,900,700,1000,1200,16.97
91,132,BRABCBACNPR4BR00,ABCB4,1622220023545272,16.97,16.96,16.95,16.98,16.99,17.0,100,200,900,700,1000,1200,16.97
92,132,BRABCBACNPR4BR00,ABCB4,1622220023545544,16.97,16.96,16.95,16.98,16.99,17.0,100,200,900,700,1000,1200,16.97
93,132,BRABCBACNPR4BR00,ABCB4,1622220023545565,16.97,16.96,16.95,16.98,16.99,17.0,100,200,900,700,1000,1200,16.97
94,132,BRABCBACNPR4BR00,ABCB4,1622220023545978,16.97,16.96,16.95,16.98,16.99,17.0,100,200,900,700,1000,1200,16.97
95,132,BRABCBACNPR4BR00,ABCB4,1622220023545999,16.97,16.96,16.95,16.98,16.99,17.0,100,200,900,700,1000,1200,16.97
96,132,BRABCBACNPR4BR00,ABCB4,1622220023886450,16.97,16.96,16.95,16.98,16.99,17.0,300,200,700,700,1000,1200,16.97
97,132,BRABCBACNPR4BR00,ABCB4,1622220023886473,16.97,16.96,16.95,16.98,16.99,17.0,300,200,700,700,1000,1200,16.97
98,132,BRABCBACNPR4BR00,ABCB4,1622220023887168,16.97,16.96,16.95,16.98,16.99,17.0,300,200,700,400,1000,1200,16.97
99,132,BRABCBACNPR4BR00,ABCB4,1622220023887186,16.97,16.96,16.95,16.98,16.99,17.0,300,200,700,400,1000,1200,16.97
100,132,BRABCBACNPR4BR00,ABCB4,1622220023887979,16.97,16.96,16.95,16.98,16.99,17.0,300,200,900,400,1000,1200,16.97
101,132,BRABCBACNPR4BR00,ABCB4,1622220023887998,16.97,16.96,16.95,16.98,16.99,17.0,300,200,900,400,1000,1200,16.97
102,132,BRABCBACNPR4BR00,ABCB4,1622220023888152,16.97,16.96,16.95,16.98,16.99,17.0,300,300,900,400,1000,1200,16.97
103,132,BRABCBACNPR4BR00,ABCB4,1622220023888174,16.97,16.96,16.95,16.98,16.99,17.0,300,300,900,400,1000,1200,16.97
104,132,BRABCBACNPR4BR00,ABCB4,1622220023888220,16.97,16.96,16.95,16.98,16.99,17.0,300,300,900,300,1000,1200,16.97
105,132,BRABCBACNPR4BR00,ABCB4,1622220023888237,16.97,16.96,16.95,16.98,16.99,17.0,300,300,900,300,1000,1200,16.97
106,132,BRABCBACNPR4BR00,ABCB4,1622220023888891,16.97,16.96,16.95,16.98,16.99,17.0,300,300,900,300,900,1200,16.97
107,132,BRABCBACNPR4BR00,ABCB4,1622220023888908,16.97,16.96,16.95,16.98,16.99,17.0,300,300,900,300,900,1200,16.97
108,132,BRABCBACNPR4BR00,ABCB4,1622220024566061,16.97,16.96,16.95,16.98,16.99,17.0,300,700,500,300,900,1200,16.97
109,132,BRABCBACNPR4BR00,ABCB4,1622220024567237,16.97,16.96,16.95,16.98,16.99,17.0,500,700,500,400,800,1200,16.97
110,132,BRABCBACNPR4BR00,ABCB4,1622220029630913,16.98,16.97,16.96,16.99,17.0,17.01,200,400,700,800,1200,2300,16.98
111,132,BRABCBACNPR4BR00,ABCB4,1622220029631157,16.98,16.97,16.96,16.99,17.0,17.01,200,400,700,800,1200,2300,16.98
112,132,BRABCBACNPR4BR00,ABCB4,1622220029631591,16.98,16.97,16.96,16.99,17.0,17.01,200,400,700,800,1000,2300,16.98
113,132,BRABCBACNPR4BR00,ABCB4,1622220029633022,16.98,16.97,16.96,16.99,17.0,17.01,200,500,900,800,800,1900,16.98
114,132,BRABCBACNPR4BR00,ABCB4,1622220029732628,16.97,16.96,16.95,16.99,17.0,17.01,400,700,300,900,800,1900,16.98
115,132,BRABCBACNPR4BR00,ABCB4,1622220029734062,16.97,16.96,16.95,16.98,16.99,17.0,400,700,500,100,800,800,16.98
116,132,BRABCBACNPR4BR00,ABCB4,1622220030559541,16.97,16.96,16.95,16.99,17.0,17.01,400,700,500,800,900,2100,16.98
117,132,BRABCBACNPR4BR00,ABCB4,1622220030560053,16.97,16.96,16.95,16.99,17.0,17.01,400,700,500,700,900,2100,16.98
118,132,BRABCBACNPR4BR00,ABCB4,1622220030561258,16.97,16.96,16.95,16.98,16.99,17.0,400,700,500,100,700,900,16.98
119,132,BRABCBACNPR4BR00,ABCB4,1622220043623872,16.97,16.96,16.95,16.98,16.99,17.0,600,300,300,300,800,1200,16.98
120,132,BRABCBACNPR4BR00,ABCB4,1622220043623891,16.97,16.96,16.95,16.98,16.99,17.0,600,300,300,300,800,1200,16.98
121,132,BRABCBACNPR4BR00,ABCB4,1622220043625220,16.97,16.96,16.95,16.98,16.99,17.0,800,300,500,100,800,1200,16.98
122,132,BRABCBACNPR4BR00,ABCB4,1622220049796903,16.97,16.96,16.95,16.98,16.99,17.0,800,400,500,100,800,1200,16.98
123,132,BRABCBACNPR4BR00,ABCB4,1622220050841030,16.97,16.96,16.95,16.99,17.0,17.01,800,400,500,800,1200,1900,16.98
124,132,BRABCBACNPR4BR00,ABCB4,1622220050842216,16.97,16.96,16.95,16.98,16.99,17.0,800,400,500,100,800,1000,16.98
125,132,BRABCBACNPR4BR00,ABCB4,1622220063399700,16.95,16.94,16.93,16.98,16.99,17.0,200,2200,800,600,800,1200,16.95
126,132,BRABCBACNPR4BR00,ABCB4,1622220063401574,16.95,16.94,16.93,16.97,16.98,16.99,200,900,500,700,900,1200,16.95
127,132,BRABCBACNPR4BR00,ABCB4,1622220063401627,16.95,16.94,16.93,16.97,16.98,16.99,200,900,500,700,900,1200,16.95
128,132,BRABCBACNPR4BR00,ABCB4,1622220063402992,16.95,16.94,16.93,16.96,16.97,16.98,200,100,1100,200,800,1100,16.95
129,132,BRABCBACNPR4BR00,ABCB4,1622220063404143,16.95,16.94,16.93,16.97,16.98,16.99,200,100,1100,800,1100,1000,16.96
130,132,BRABCBACNPR4BR00,ABCB4,1622220063404484,16.95,16.94,16.93,16.97,16.98,16.99,700,100,1100,800,1100,1000,16.96
131,132,BRABCBACNPR4BR00,ABCB4,1622220063405972,16.96,16.95,16.94,16.97,16.98,16.99,100,800,100,400,900,1000,16.96
132,132,BRABCBACNPR4BR00,ABCB4,1622220063406191,16.96,16.95,16.94,16.97,16.98,16.99,100,800,100,400,900,1000,16.96
133,132,BRABCBACNPR4BR00,ABCB4,1622220063406536,16.96,16.95,16.94,16.97,16.98,16.99,100,800,100,300,900,1000,16.96
134,132,BRABCBACNPR4BR00,ABCB4,1622220063407793,16.96,16.95,16.94,16.97,16.98,16.99,100,800,100,100,900,1200,16.96
135,132,BRABCBACNPR4BR00,ABCB4,1622220063554545,16.95,16.94,16.93,16.97,16.98,16.99,300,100,1100,400,900,1200,16.96
136,132,BRABCBACNPR4BR00,ABCB4,1622220063555947,16.95,16.94,16.93,16.96,16.97,16.98,200,100,1100,100,600,900,16.96
137,132,BRABCBACNPR4BR00,ABCB4,1622220063556916,16.95,16.94,16.93,16.97,16.98,16.99,200,100,1400,600,1100,1000,16.96
138,132,BRABCBACNPR4BR00,ABCB4,1622220063557265,16.95,16.94,16.93,16.97,16.98,16.99,200,100,1400,600,1100,1000,16.96
139,132,BRABCBACNPR4BR00,ABCB4,1622220063558441,16.95,16.94,16.93,16.96,16.97,16.98,300,100,1400,100,600,1100,16.96
140,132,BRABCBACNPR4BR00,ABCB4,1622220063559383,16.95,16.94,16.93,16.97,16.98,16.99,300,100,1400,600,1100,1000,16.96
141,132,BRABCBACNPR4BR00,ABCB4,1622220063590554,16.96,16.95,16.94,16.97,16.98,16.99,100,300,100,600,1100,1000,16.96
142,132,BRABCBACNPR4BR00,ABCB4,1622220063591983,16.96,16.95,16.94,16.97,16.98,16.99,100,300,100,300,900,1000,16.96
143,132,BRABCBACNPR4BR00,ABCB4,1622220067110739,16.96,16.95,16.94,16.98,16.99,17.0,400,300,100,800,1100,1800,16.97
144,132,BRABCBACNPR4BR00,ABCB4,1622220067111340,16.96,16.95,16.94,16.98,16.99,17.0,400,300,100,800,1000,1800,16.97
145,132,BRABCBACNPR4BR00,ABCB4,1622220067112580,16.96,16.95,16.94,16.97,16.98,16.99,700,300,300,100,400,1000,16.97
146,132,BRABCBACNPR4BR00,ABCB4,1622220069746044,16.96,16.95,16.94,16.97,16.98,16.99,600,300,300,100,700,1000,16.97
147,132,BRABCBACNPR4BR00,ABCB4,1622220070584800,16.96,16.95,16.94,16.98,16.99,17.0,600,300,300,700,1000,2100,16.97
148,132,BRABCBACNPR4BR00,ABCB4,1622220070586158,16.96,16.95,16.94,16.97,16.98,16.99,600,300,300,100,400,1000,16.97
149,132,BRABCBACNPR4BR00,ABCB4,1622220084649204,16.96,16.95,16.94,16.97,16.98,16.99,500,600,300,100,700,1200,16.97
150,132,BRABCBACNPR4BR00,ABCB4,1622220087125744,16.96,16.95,16.94,16.98,16.99,17.0,500,600,300,800,1200,1900,16.97
151,132,BRABCBACNPR4BR00,ABCB4,1622220087127057,16.96,16.95,16.94,16.97,16.98,16.99,500,600,300,100,800,1000,16.97
152,132,BRABCBACNPR4BR00,ABCB4,1622220089648241,16.96,16.95,16.94,16.98,16.99,17.0,400,600,300,800,1000,2100,16.97
153,132,BRABCBACNPR4BR00,ABCB4,1622220089875346,16.96,16.95,16.94,16.98,16.99,17.0,400,600,300,800,1000,2100,16.97
154,132,BRABCBACNPR4BR00,ABCB4,1622220089876684,16.96,16.95,16.94,16.97,16.98,16.99,400,600,300,100,800,1000,16.97
155,132,BRABCBACNPR4BR00,ABCB4,1622220091606904,16.95,16.94,16.93,16.97,16.98,16.99,400,100,1500,500,800,1200,16.95
156,132,BRABCBACNPR4BR00,ABCB4,1622220091608141,16.95,16.94,16.93,16.96,16.97,16.98,400,100,1700,100,600,800,16.95
157,132,BRABCBACNPR4BR00,ABCB4,1622220091949418,16.95,16.94,16.93,16.97,16.98,16.99,400,100,1700,600,1000,1000,16.96
158,132,BRABCBACNPR4BR00,ABCB4,1622220091949714,16.95,16.94,16.93,16.97,16.98,16.99,400,100,1700,600,800,1000,16.96
159,132,BRABCBACNPR4BR00,ABCB4,1622220091951024,16.95,16.94,16.93,16.96,16.97,16.98,500,100,1700,100,600,800,16.96
160,132,BRABCBACNPR4BR00,ABCB4,1622220091952134,16.95,16.94,16.93,16.97,16.98,16.99,500,100,1700,700,800,1200,16.96
161,132,BRABCBACNPR4BR00,ABCB4,1622220092084479,16.95,16.94,16.93,16.97,16.98,16.99,400,100,1700,700,800,1200,16.96
162,132,BRABCBACNPR4BR00,ABCB4,1622220092085895,16.95,16.94,16.93,16.96,16.97,16.98,400,100,1700,100,700,800,16.96
163,132,BRABCBACNPR4BR00,ABCB4,1622220092186097,16.95,16.94,16.93,16.97,16.98,16.99,500,100,1700,700,800,1200,16.96
164,132,BRABCBACNPR4BR00,ABCB4,1622220092199487,16.95,16.94,16.93,16.97,16.98,16.99,500,200,1700,700,800,1200,16.96
165,132,BRABCBACNPR4BR00,ABCB4,1622220092200699,16.95,16.94,16.93,16.96,16.97,16.98,400,200,1700,100,700,800,16.96
166,132,BRABCBACNPR4BR00,ABCB4,1622220100213510,16.93,16.92,16.91,16.96,16.97,16.98,1700,6100,800,500,700,1000,16.95
167,132,BRABCBACNPR4BR00,ABCB4,1622220100214832,16.93,16.92,16.91,16.96,16.97,16.98,400,5700,500,300,700,1000,16.96
168,132,BRABCBACNPR4BR00,ABCB4,1622220100214859,16.94,16.93,16.92,16.96,16.97,16.98,200,400,5700,300,700,1000,16.96
169,132,BRABCBACNPR4BR00,ABCB4,1622220100216288,16.94,16.93,16.92,16.95,16.96,16.97,700,600,6600,100,200,700,16.96
170,132,BRABCBACNPR4BR00,ABCB4,1622220100216772,16.94,16.93,16.92,16.95,16.96,16.97,700,800,6400,100,200,700,16.96
171,132,BRABCBACNPR4BR00,ABCB4,1622220100218057,16.94,16.93,16.92,16.96,16.97,16.98,700,600,6400,700,700,1200,16.96
172,132,BRABCBACNPR4BR00,ABCB4,1622220100220805,16.94,16.93,16.92,16.96,16.97,16.98,1700,600,6400,700,700,1200,16.96
173,132,BRABCBACNPR4BR00,ABCB4,1622220100222378,16.95,16.94,16.93,16.96,16.97,16.98,100,1400,600,200,700,1200,16.95
174,132,BRABCBACNPR4BR00,ABCB4,1622220100222555,16.95,16.94,16.93,16.97,16.98,16.99,100,1400,600,700,1200,1700,16.95
175,132,BRABCBACNPR4BR00,ABCB4,1622220100223137,16.95,16.94,16.93,16.97,16.98,16.99,100,1400,600,700,1200,1700,16.95
176,132,BRABCBACNPR4BR00,ABCB4,1622220100223268,16.95,16.94,16.93,16.97,16.98,16.99,100,1400,600,700,1000,1700,16.95
177,132,BRABCBACNPR4BR00,ABCB4,1622220100224613,16.95,16.94,16.93,16.96,16.97,16.98,100,1400,600,100,700,1000,16.95
178,132,BRABCBACNPR4BR00,ABCB4,1622220103955807,16.96,16.95,16.94,16.97,16.98,16.99,200,300,1400,700,1200,1700,16.96
179,132,BRABCBACNPR4BR00,ABCB4,1622220103956001,16.96,16.95,16.94,16.97,16.98,16.99,200,300,1400,700,1200,1700,16.96
180,132,BRABCBACNPR4BR00,ABCB4,1622220103956453,16.96,16.95,16.94,16.97,16.98,16.99,200,300,1400,700,1000,1700,16.96
181,132,BRABCBACNPR4BR00,ABCB4,1622220103957799,16.96,16.95,16.94,16.97,16.98,16.99,400,300,1400,800,1000,1700,16.96
182,132,BRABCBACNPR4BR00,ABCB4,1622220109676188,16.96,16.95,16.94,16.98,16.99,17.0,700,200,1600,800,1700,1300,16.97
183,132,BRABCBACNPR4BR00,ABCB4,1622220109676635,16.96,16.95,16.94,16.98,16.99,17.0,700,200,1600,500,1700,1300,16.97
184,132,BRABCBACNPR4BR00,ABCB4,1622220109677818,16.96,16.95,16.94,16.97,16.98,16.99,800,200,1600,100,500,900,16.97
185,132,BRABCBACNPR4BR00,ABCB4,1622220112074739,16.95,16.94,16.93,16.97,16.98,16.99,200,1400,1100,700,800,1200,16.96
186,132,BRABCBACNPR4BR00,ABCB4,1622220112076163,16.95,16.94,16.93,16.96,16.97,16.98,200,1400,1100,100,600,900,16.96
187,132,BRABCBACNPR4BR00,ABCB4,1622220120824551,16.95,16.94,16.93,16.97,16.98,16.99,500,1400,1200,700,900,1900,16.96
188,132,BRABCBACNPR4BR00,ABCB4,1622220120825054,16.95,16.94,16.93,16.97,16.98,16.99,500,1400,1200,700,900,1900,16.96
189,132,BRABCBACNPR4BR00,ABCB4,1622220120826320,16.95,16.94,16.93,16.96,16.97,16.98,500,1400,1200,100,400,900,16.96
190,132,BRABCBACNPR4BR00,ABCB4,1622220121549998,16.95,16.94,16.93,16.97,16.98,16.99,400,1400,1200,400,900,1900,16.96
191,132,BRABCBACNPR4BR00,ABCB4,1622220121550674,16.95,16.94,16.93,16.97,16.98,16.99,500,1400,1200,400,900,1900,16.96
192,132,BRABCBACNPR4BR00,ABCB4,1622220121551872,16.95,16.94,16.93,16.96,16.97,16.98,500,1400,1200,100,400,900,16.96
193,132,BRABCBACNPR4BR00,ABCB4,1622220129671560,16.95,16.94,16.93,16.97,16.98,16.99,600,1400,1200,400,900,1900,16.96
194,132,BRABCBACNPR4BR00,ABCB4,1622220129672625,16.95,16.94,16.93,16.98,16.99,17.0,600,1400,1200,900,1900,1200,16.97
195,132,BRABCBACNPR4BR00,ABCB4,1622220129673964,16.96,16.95,16.94,16.97,16.98,16.99,200,600,1600,100,900,1900,16.97
196,132,BRABCBACNPR4BR00,ABCB4,1622220149808071,16.96,16.95,16.94,16.97,16.98,16.99,400,1600,1600,100,800,1900,16.97
197,132,BRABCBACNPR4BR00,ABCB4,1622220149808868,16.96,16.95,16.94,16.98,16.99,17.0,400,1600,1600,900,1900,1200,16.97
198,132,BRABCBACNPR4BR00,ABCB4,1622220149810145,16.96,16.95,16.94,16.97,16.98,16.99,400,1600,1600,100,900,1200,16.97
199,132,BRABCBACNPR4BR00,ABCB4,1622220151987895,16.95,16.94,16.93,16.97,16.98,16.99,1500,1400,1100,500,900,1200,16.95
200,132,BRABCBACNPR4BR00,ABCB4,1622220151989140,16.95,16.94,16.93,16.96,16.97,16.98,1500,1400,1300,200,700,900,16.95
201,132,BRABCBACNPR4BR00,ABCB4,1622220151990485,16.95,16.94,16.93,16.97,16.98,16.99,1500,1400,1300,600,1100,1700,16.96
202,132,BRABCBACNPR4BR00,ABCB4,1622220151990871,16.95,16.94,16.93,16.97,16.98,16.99,1500,1400,1300,600,900,1700,16.96
203,132,BRABCBACNPR4BR00,ABCB4,1622220151992047,16.95,16.94,16.93,16.96,16.97,16.98,1500,1400,1300,100,600,900,16.96
204,132,BRABCBACNPR4BR00,ABCB4,1622220158822282,16.95,16.94,16.93,16.97,16.98,16.99,1800,1400,1300,500,1100,1700,16.96
205,132,BRABCBACNPR4BR00,ABCB4,1622220158822323,16.95,16.94,16.93,16.97,16.98,16.99,1800,1400,1300,500,900,1700,16.96
206,132,BRABCBACNPR4BR00,ABCB4,1622220158823510,16.95,16.94,16.93,16.96,16.97,16.98,1800,1400,1300,100,200,900,16.96
207,132,BRABCBACNPR4BR00,ABCB4,1622220158824367,16.95,16.94,16.93,16.97,16.98,16.99,1800,1400,1300,200,900,1700,16.96
208,132,BRABCBACNPR4BR00,ABCB4,1622220158824557,16.95,16.94,16.93,16.97,16.98,16.99,1800,1400,1300,200,900,1900,16.96
209,132,BRABCBACNPR4BR00,ABCB4,1622220158824594,16.95,16.94,16.93,16.97,16.98,16.99,1800,1400,1300,500,900,1900,16.96
210,132,BRABCBACNPR4BR00,ABCB4,1622220158826112,16.95,16.94,16.93,16.96,16.97,16.98,1800,1400,1300,100,700,900,16.96
211,132,BRABCBACNPR4BR00,ABCB4,1622220163381286,16.95,16.94,16.93,16.96,16.97,16.98,1800,1400,1300,100,700,900,16.96
212,132,BRABCBACNPR4BR00,ABCB4,1622220163382136,16.95,16.94,16.93,16.97,16.98,16.99,1800,1400,1300,700,900,1900,16.96
213,132,BRABCBACNPR4BR00,ABCB4,1622220163383591,16.96,16.95,16.94,16.98,16.99,17.0,200,1800,1400,900,1900,1200,16.96
214,132,BRABCBACNPR4BR00,ABCB4,1622220163383801,16.96,16.95,16.94,16.98,16.99,17.0,200,1800,1600,900,1900,1200,16.96
215,132,BRABCBACNPR4BR00,ABCB4,1622220163383836,16.96,16.95,16.94,16.98,16.99,17.0,200,1800,1600,900,1900,1200,16.96
216,132,BRABCBACNPR4BR00,ABCB4,1622220163384047,16.96,16.95,16.94,16.98,16.99,17.0,200,1800,1600,800,1900,1200,16.96
217,132,BRABCBACNPR4BR00,ABCB4,1622220163385398,16.96,16.95,16.94,16.97,16.98,16.99,500,1800,1600,100,500,1000,16.96
218,132,BRABCBACNPR4BR00,ABCB4,1622220169679214,16.96,16.95,16.94,16.97,16.98,16.99,700,1100,1600,300,800,1200,16.97
219,132,BRABCBACNPR4BR00,ABCB4,1622220169679731,16.96,16.95,16.94,16.97,16.98,16.99,700,1100,1600,100,800,1200,16.97
220,132,BRABCBACNPR4BR00,ABCB4,1622220169681000,16.96,16.95,16.94,16.97,16.98,16.99,700,1100,1600,100,800,1200,16.97
221,132,BRABCBACNPR4BR00,ABCB4,1622220189846690,16.96,16.95,16.94,16.97,16.98,16.99,300,1200,1400,400,900,1200,16.97
222,132,BRABCBACNPR4BR00,ABCB4,1622220189847258,16.96,16.95,16.94,16.97,16.98,16.99,300,1200,1400,300,900,1200,16.97
223,132,BRABCBACNPR4BR00,ABCB4,1622220189848558,16.96,16.95,16.94,16.97,16.98,16.99,300,1200,1400,400,900,1200,16.97
224,132,BRABCBACNPR4BR00,ABCB4,1622220191563786,16.95,16.94,16.93,16.97,16.98,16.99,1000,1400,1600,500,900,1200,16.95
225,132,BRABCBACNPR4BR00,ABCB4,1622220191565161,16.95,16.94,16.93,16.96,16.97,16.98,1000,1400,1600,200,700,900,16.95
226,132,BRABCBACNPR4BR00,ABCB4,1622220191567283,16.95,16.94,16.93,16.97,16.98,16.99,1000,1400,1400,700,1100,1700,16.96
227,132,BRABCBACNPR4BR00,ABCB4,1622220191568044,16.95,16.94,16.93,16.97,16.98,16.99,1000,1400,1600,700,1100,1700,16.96
228,132,BRABCBACNPR4BR00,ABCB4,1622220191569277,16.95,16.94,16.93,16.96,16.97,16.98,1000,1400,1600,100,700,1100,16.96
229,132,BRABCBACNPR4BR00,ABCB4,1622220192567827,16.94,16.93,16.92,16.96,16.97,16.98,1200,1300,6700,600,700,1200,16.96
230,132,BRABCBACNPR4BR00,ABCB4,1622220192569124,16.94,16.93,16.92,16.95,16.96,16.97,1200,1300,6700,100,500,700,16.96
231,132,BRABCBACNPR4BR00,ABCB4,1622220203566914,16.94,16.93,16.92,16.95,16.96,16.97,1200,1100,5900,100,800,1000,16.95
232,132,BRABCBACNPR4BR00,ABCB4,1622220203567674,16.94,16.93,16.92,16.96,16.97,16.98,1200,1100,5900,800,1000,1700,16.95
233,132,BRABCBACNPR4BR00,ABCB4,1622220203568979,16.94,16.93,16.92,16.95,16.96,16.97,1200,1100,6100,400,800,1000,16.95
234,132,BRABCBACNPR4BR00,ABCB4,1622220209844463,16.94,16.93,16.92,16.95,16.96,16.97,1300,1100,6100,100,800,1000,16.95
235,132,BRABCBACNPR4BR00,ABCB4,1622220209845382,16.94,16.93,16.92,16.96,16.97,16.98,1300,1100,6100,800,1000,2200,16.95
236,132,BRABCBACNPR4BR00,ABCB4,1622220209846779,16.95,16.94,16.93,16.96,16.97,16.98,200,1300,1300,500,800,2200,16.95
237,132,BRABCBACNPR4BR00,ABCB4,1622220209847038,16.95,16.94,16.93,16.96,16.97,16.98,200,1300,1300,500,800,2200,16.95
238,132,BRABCBACNPR4BR00,ABCB4,1622220209847053,16.95,16.94,16.93,16.96,16.97,16.98,200,1300,1300,500,800,2200,16.95
239,132,BRABCBACNPR4BR00,ABCB4,1622220209848297,16.94,16.93,16.92,16.96,16.97,16.98,1300,1300,6300,600,800,2400,16.95
240,132,BRABCBACNPR4BR00,ABCB4,1622220209849228,16.94,16.93,16.92,16.96,16.97,16.98,1300,1100,6300,600,800,2400,16.95
241,132,BRABCBACNPR4BR00,ABCB4,1622220209850460,16.94,16.93,16.92,16.95,16.96,16.97,1300,1100,6300,100,500,800,16.95
242,132,BRABCBACNPR4BR00,ABCB4,1622220210333343,16.94,16.93,16.92,16.96,16.97,16.98,1800,600,6500,600,800,2400,16.95
243,132,BRABCBACNPR4BR00,ABCB4,1622220210333828,16.94,16.93,16.92,16.96,16.97,16.98,1800,600,6500,300,800,2400,16.95
244,132,BRABCBACNPR4BR00,ABCB4,1622220210335017,16.94,16.93,16.92,16.96,16.97,16.98,1800,600,6500,400,800,2400,16.95
245,132,BRABCBACNPR4BR00,ABCB4,1622220210335653,16.94,16.93,16.92,16.96,16.97,16.98,1800,600,6500,600,800,2400,16.95
246,132,BRABCBACNPR4BR00,ABCB4,1622220210336845,16.94,16.93,16.92,16.95,16.96,16.97,1800,600,6500,100,500,800,16.95
247,132,BRABCBACNPR4BR00,ABCB4,1622220211024090,16.94,16.93,16.92,16.96,16.97,16.98,1800,600,6500,800,800,2400,16.95
248,132,BRABCBACNPR4BR00,ABCB4,1622220211024575,16.94,16.93,16.92,16.96,16.97,16.98,1800,600,6500,500,800,2400,16.95
249,132,BRABCBACNPR4BR00,ABCB4,1622220211025765,16.94,16.93,16.92,16.95,16.96,16.97,1800,600,6500,100,500,800,16.95
250,132,BRABCBACNPR4BR00,ABCB4,1622220211026331,16.94,16.93,16.92,16.95,16.96,16.97,1800,600,6500,100,300,800,16.95
251,132,BRABCBACNPR4BR00,ABCB4,1622220211026758,16.94,16.93,16.92,16.96,16.97,16.98,1800,600,6500,300,800,2400,16.95
252,132,BRABCBACNPR4BR00,ABCB4,1622220211027532,16.94,16.93,16.92,16.96,16.97,16.98,1800,600,6500,500,800,2400,16.95
253,132,BRABCBACNPR4BR00,ABCB4,1622220211028724,16.94,16.93,16.92,16.95,16.96,16.97,1800,600,6500,100,500,800,16.95
254,132,BRABCBACNPR4BR00,ABCB4,1622220228205129,16.94,16.93,16.92,16.96,16.97,16.98,2000,600,6500,800,800,2400,16.95
255,132,BRABCBACNPR4BR00,ABCB4,1622220228205163,16.94,16.93,16.92,16.96,16.97,16.98,2000,600,6500,600,800,2400,16.95
256,132,BRABCBACNPR4BR00,ABCB4,1622220228206712,16.94,16.93,16.92,16.96,16.97,16.98,2000,600,6500,200,800,2400,16.95
257,132,BRABCBACNPR4BR00,ABCB4,1622220228206912,16.94,16.93,16.92,16.96,16.97,16.98,2000,600,6500,200,800,2400,16.95
258,132,BRABCBACNPR4BR00,ABCB4,1622220228207225,16.94,16.93,16.92,16.96,16.97,16.98,2000,800,6300,200,800,2400,16.95
259,132,BRABCBACNPR4BR00,ABCB4,1622220228208613,16.95,16.94,16.93,16.96,16.97,16.98,200,2000,600,500,800,2400,16.95
260,132,BRABCBACNPR4BR00,ABCB4,1622220228306781,16.94,16.93,16.92,16.96,16.97,16.98,2000,600,6500,600,800,2400,16.95
261,132,BRABCBACNPR4BR00,ABCB4,1622220228308024,16.94,16.93,16.92,16.95,16.96,16.97,2000,600,6500,100,500,800,16.95
262,132,BRABCBACNPR4BR00,ABCB4,1622220228338919,16.94,16.93,16.92,16.96,16.97,16.98,1900,600,6500,500,800,2400,16.95
263,132,BRABCBACNPR4BR00,ABCB4,1622220228369590,16.95,16.94,16.93,16.96,16.97,16.98,100,1800,600,500,800,2400,16.95
264,132,BRABCBACNPR4BR00,ABCB4,1622220228371449,16.95,16.94,16.93,16.96,16.97,16.98,100,1800,600,600,800,2400,16.95
265,132,BRABCBACNPR4BR00,ABCB4,1622220236049703,16.96,16.95,16.94,16.97,16.98,16.99,300,1200,700,700,1800,1500,16.96
266,132,BRABCBACNPR4BR00,ABCB4,1622220236049993,16.96,16.95,16.94,16.97,16.98,16.99,300,1300,700,700,1800,1500,16.96
267,132,BRABCBACNPR4BR00,ABCB4,1622220236050547,16.96,16.95,16.94,16.97,16.98,16.99,300,1300,700,700,1800,1100,16.96
268,132,BRABCBACNPR4BR00,ABCB4,1622220236051992,16.96,16.95,16.94,16.97,16.98,16.99,300,1300,900,800,1000,2000,16.96
269,132,BRABCBACNPR4BR00,ABCB4,1622220243775932,16.96,16.95,16.94,16.98,16.99,17.0,1300,100,900,900,1800,1000,16.97
270,132,BRABCBACNPR4BR00,ABCB4,1622220243776598,16.96,16.95,16.94,16.98,16.99,17.0,1300,100,900,900,1800,1200,16.97
271,132,BRABCBACNPR4BR00,ABCB4,1622220243777935,16.96,16.95,16.94,16.97,16.98,16.99,1400,100,900,100,900,1800,16.97
272,132,BRABCBACNPR4BR00,ABCB4,1622220247342703,16.96,16.95,16.94,16.98,16.99,17.0,800,100,900,500,1800,1200,16.98
273,132,BRABCBACNPR4BR00,ABCB4,1622220247343270,16.96,16.95,16.94,16.98,16.99,17.0,800,100,900,500,1700,1200,16.98
274,132,BRABCBACNPR4BR00,ABCB4,1622220247344579,16.96,16.95,16.94,16.97,16.98,16.99,900,300,700,100,700,1700,16.98
275,132,BRABCBACNPR4BR00,ABCB4,1622220247355831,16.96,16.95,16.94,16.97,16.98,16.99,800,100,900,200,800,1700,16.97
276,132,BRABCBACNPR4BR00,ABCB4,1622220247356226,16.96,16.95,16.94,16.98,16.99,17.0,800,100,900,800,1700,1200,16.97
277,132,BRABCBACNPR4BR00,ABCB4,1622220247357421,16.96,16.95,16.94,16.97,16.98,16.99,900,100,900,100,800,1700,16.97
278,132,BRABCBACNPR4BR00,ABCB4,1622220249787740,16.97,16.96,16.95,16.98,16.99,17.0,100,600,100,800,1700,1200,16.97
279,132,BRABCBACNPR4BR00,ABCB4,1622220249787748,16.97,16.96,16.95,16.98,16.99,17.0,100,600,100,800,1700,1200,16.97
280,132,BRABCBACNPR4BR00,ABCB4,1622220249788697,16.97,16.96,16.95,16.98,16.99,17.0,100,700,100,800,1700,1200,16.97
281,132,BRABCBACNPR4BR00,ABCB4,1622220249789893,16.96,16.95,16.94,16.97,16.98,16.99,600,100,1200,500,900,1700,16.97
282,132,BRABCBACNPR4BR00,ABCB4,1622220249790014,16.96,16.95,16.94,16.97,16.98,16.99,600,100,1200,500,900,1900,16.97
283,132,BRABCBACNPR4BR00,ABCB4,1622220249791407,16.96,16.95,16.94,16.97,16.98,16.99,600,100,1200,700,800,1300,16.97
284,132,BRABCBACNPR4BR00,ABCB4,1622220278039684,16.96,16.95,16.94,16.98,16.99,17.0,1200,100,900,800,1100,1900,16.97
285,132,BRABCBACNPR4BR00,ABCB4,1622220278339510,16.96,16.95,16.94,16.98,16.99,17.0,1200,100,900,800,1100,1900,16.97
286,132,BRABCBACNPR4BR00,ABCB4,1622220278340733,16.96,16.95,16.94,16.97,16.98,16.99,1200,100,900,100,800,1100,16.97
287,132,BRABCBACNPR4BR00,ABCB4,1622220289858456,16.96,16.95,16.94,16.98,16.99,17.0,1800,100,900,900,1300,1700,16.97
288,132,BRABCBACNPR4BR00,ABCB4,1622220289858966,16.96,16.95,16.94,16.98,16.99,17.0,1800,100,900,900,1100,1700,16.97
289,132,BRABCBACNPR4BR00,ABCB4,1622220289860163,16.96,16.95,16.94,16.97,16.98,16.99,1800,100,900,100,900,1100,16.97
290,132,BRABCBACNPR4BR00,ABCB4,1622220291130858,16.96,16.95,16.94,16.98,16.99,17.0,2200,100,900,700,1100,1700,16.97
291,132,BRABCBACNPR4BR00,ABCB4,1622220291131400,16.97,16.96,16.95,16.98,16.99,17.0,200,2200,100,700,1100,1700,16.97
292,132,BRABCBACNPR4BR00,ABCB4,1622220291132861,16.97,16.96,16.95,16.98,16.99,17.0,200,1800,300,700,1100,1900,16.97
293,132,BRABCBACNPR4BR00,ABCB4,1622220299666232,16.98,16.97,16.96,16.99,17.0,17.01,200,3000,100,800,1600,1500,16.98
294,132,BRABCBACNPR4BR00,ABCB4,1622220299666390,16.98,16.97,16.96,16.99,17.0,17.01,200,3000,100,800,1600,1500,16.98
295,132,BRABCBACNPR4BR00,ABCB4,1622220299666756,16.98,16.97,16.96,16.99,17.0,17.01,200,3000,100,700,1600,1500,16.98
296,132,BRABCBACNPR4BR00,ABCB4,1622220299668074,16.98,16.97,16.96,16.99,17.0,17.01,200,3000,300,700,800,2000,16.98
297,132,BRABCBACNPR4BR00,ABCB4,1622220299668392,16.97,16.96,16.95,16.99,17.0,17.01,3000,300,300,700,800,2000,16.98
298,132,BRABCBACNPR4BR00,ABCB4,1622220299669651,16.97,16.96,16.95,16.98,16.99,17.0,3000,300,300,100,700,800,16.98
299,132,BRABCBACNPR4BR00,ABCB4,1622220300085475,16.98,16.97,16.96,16.99,17.0,17.01,100,3000,100,600,800,2200,16.98
300,132,BRABCBACNPR4BR00,ABCB4,1622220300085848,16.98,16.97,16.96,16.99,17.0,17.01,100,3000,100,600,800,2200,16.98
301,132,BRABCBACNPR4BR00,ABCB4,1622220300090756,16.97,16.96,16.95,16.99,17.0,17.01,3000,100,500,600,800,2200,16.98
302,132,BRABCBACNPR4BR00,ABCB4,1622220300096576,16.97,16.96,16.95,16.98,16.99,17.0,3000,100,300,100,800,800,16.98
303,132,BRABCBACNPR4BR00,ABCB4,1622220303793381,16.97,16.96,16.95,16.99,17.0,17.01,2800,100,300,900,1100,1800,16.98
304,132,BRABCBACNPR4BR00,ABCB4,1622220303793758,16.97,16.96,16.95,16.99,17.0,17.01,2800,100,300,900,900,1800,16.98
305,132,BRABCBACNPR4BR00,ABCB4,1622220303795092,16.97,16.96,16.95,16.98,16.99,17.0,2900,100,400,100,900,900,16.98
306,132,BRABCBACNPR4BR00,ABCB4,1622220304838996,16.97,16.96,16.95,16.99,17.0,17.01,2800,100,400,900,900,2000,16.98
307,132,BRABCBACNPR4BR00,ABCB4,1622220305848456,16.97,16.96,16.95,16.99,17.0,17.01,2300,100,400,400,900,2000,16.99
308,132,BRABCBACNPR4BR00,ABCB4,1622220305849717,16.97,16.96,16.95,16.98,16.99,17.0,2300,100,400,100,300,900,16.99
309,132,BRABCBACNPR4BR00,ABCB4,1622220305850368,16.97,16.96,16.95,16.98,16.99,17.0,2300,100,700,100,300,900,16.99
310,132,BRABCBACNPR4BR00,ABCB4,1622220305851564,16.97,16.96,16.95,16.99,17.0,17.01,2300,100,700,800,900,2000,16.99
311,132,BRABCBACNPR4BR00,ABCB4,1622220305862071,16.97,16.96,16.95,16.99,17.0,17.01,2300,100,700,600,900,2000,16.99
312,132,BRABCBACNPR4BR00,ABCB4,1622220305863366,16.97,16.96,16.95,16.98,16.99,17.0,2300,100,700,100,500,900,16.99
313,132,BRABCBACNPR4BR00,ABCB4,1622220309853795,16.97,16.96,16.95,16.99,17.0,17.01,2200,100,700,500,900,2000,16.98
314,132,BRABCBACNPR4BR00,ABCB4,1622220309854239,16.97,16.96,16.95,16.99,17.0,17.01,2200,100,400,500,900,2000,16.98
315,132,BRABCBACNPR4BR00,ABCB4,1622220309855507,16.97,16.96,16.95,16.98,16.99,17.0,2200,100,400,100,500,900,16.98
316,132,BRABCBACNPR4BR00,ABCB4,1622220312962271,16.97,16.96,16.95,16.99,17.0,17.01,2100,100,400,500,1100,1800,16.98
317,132,BRABCBACNPR4BR00,ABCB4,1622220312962744,16.97,16.96,16.95,16.99,17.0,17.01,2100,100,400,500,900,1800,16.98
318,132,BRABCBACNPR4BR00,ABCB4,1622220312964361,16.97,16.96,16.95,16.98,16.99,17.0,2200,100,400,100,500,900,16.98
319,132,BRABCBACNPR4BR00,ABCB4,1622220329042835,16.98,16.97,16.96,16.99,17.0,17.01,300,1200,600,600,1100,1800,16.98
320,132,BRABCBACNPR4BR00,ABCB4,1622220329043058,16.98,16.97,16.96,16.99,17.0,17.01,300,1200,600,600,1100,1800,16.98
321,138,BRABEVACNOR1BR00,ABEV3,1622220023073814,17.91,17.9,17.89,17.92,17.93,17.94,2200,20300,35100,33900,24500,29100,17.91
322,138,BRABEVACNOR1BR00,ABEV3,1622220023075274,17.91,17.9,17.89,17.92,17.93,17.94,2200,20300,35100,34000,24500,29100,17.91
323,138,BRABEVACNOR1BR00,ABEV3,1622220067012899,17.9,17.89,17.88,17.91,17.92,17.93,20700,35100,33500,2700,34900,26700,17.91
324,138,BRABEVACNOR1BR00,ABEV3,1622220067015013,17.9,17.89,17.88,17.91,17.92,17.93,18700,32600,36000,4100,34700,26700,17.91
325,138,BRABEVACNOR1BR00,ABEV3,1622220090440328,17.9,17.89,17.88,17.91,17.92,17.93,13500,37900,34000,32700,21000,44200,17.91
326,138,BRABEVACNOR1BR00,ABEV3,1622220090570999,17.9,17.89,17.88,17.91,17.92,17.93,13500,37900,34000,32600,21000,44200,17.91
327,138,BRABEVACNOR1BR00,ABEV3,1622220090572292,17.9,17.89,17.88,17.91,17.92,17.93,13500,37900,34000,32700,21000,44200,17.91
328,138,BRABEVACNOR1BR00,ABEV3,1622220134556637,17.9,17.89,17.88,17.91,17.92,17.93,26400,23900,36000,21500,31800,44100,17.91
329,138,BRABEVACNOR1BR00,ABEV3,1622220134556687,17.91,17.9,17.89,17.92,17.93,17.94,1200,26400,23900,31800,44100,45100,17.91
330,138,BRABEVACNOR1BR00,ABEV3,1622220134563346,17.91,17.9,17.89,17.92,17.93,17.94,7400,26400,32300,23600,44100,45100,17.91
331,138,BRABEVACNOR1BR00,ABEV3,1622220215158514,17.9,17.89,17.88,17.91,17.92,17.93,26600,29000,30300,1200,30600,28800,17.91
332,138,BRABEVACNOR1BR00,ABEV3,1622220215159953,17.9,17.89,17.88,17.91,17.92,17.93,26500,29000,30300,1300,30500,28800,17.91
333,138,BRABEVACNOR1BR00,ABEV3,1622220240417578,17.9,17.89,17.88,17.91,17.92,17.93,21600,17900,33800,22500,18600,28000,17.91
334,138,BRABEVACNOR1BR00,ABEV3,1622220240418460,17.9,17.89,17.88,17.91,17.92,17.93,21600,19900,33800,22500,18600,28000,17.91
335,138,BRABEVACNOR1BR00,ABEV3,1622220240419885,17.9,17.89,17.88,17.91,17.92,17.93,26200,19900,33800,22600,18600,28000,17.91
336,138,BRABEVACNOR1BR00,ABEV3,1622220255072617,17.9,17.89,17.88,17.92,17.93,17.94,25700,36200,30600,18700,28000,54100,17.91
337,138,BRABEVACNOR1BR00,ABEV3,1622220255072891,17.91,17.9,17.89,17.92,17.93,17.94,7000,25700,36200,18700,28000,54100,17.91
338,138,BRABEVACNOR1BR00,ABEV3,1622220255073222,17.91,17.9,17.89,17.92,17.93,17.94,7000,25700,36200,18700,26100,54100,17.91
339,138,BRABEVACNOR1BR00,ABEV3,1622220255076256,17.91,17.9,17.89,17.92,17.93,17.94,14000,30400,32900,12100,26100,54100,17.91
340,138,BRABEVACNOR1BR00,ABEV3,1622220355767875,17.9,17.89,17.88,17.91,17.92,17.93,23300,15700,35000,300,23700,39300,17.91
341,138,BRABEVACNOR1BR00,ABEV3,1622220355769291,17.9,17.89,17.88,17.91,17.92,17.93,23200,13200,35000,3300,23600,39300,17.91
342,138,BRABEVACNOR1BR00,ABEV3,1622220360948313,17.9,17.89,17.88,17.91,17.92,17.93,29700,17200,32100,7500,28400,28300,17.91
343,138,BRABEVACNOR1BR00,ABEV3,1622220360948654,17.9,17.89,17.88,17.91,17.92,17.93,29700,17200,32100,7500,28400,28300,17.91
344,138,BRABEVACNOR1BR00,ABEV3,1622220360950593,17.91,17.9,17.89,17.92,17.93,17.94,2300,29700,20300,26800,26600,43100,17.91
345,138,BRABEVACNOR1BR00,ABEV3,1622220360950657,17.91,17.9,17.89,17.92,17.93,17.94,3500,29700,20300,26800,26600,43100,17.91
346,138,BRABEVACNOR1BR00,ABEV3,1622220360950835,17.91,17.9,17.89,17.92,17.93,17.94,3500,29700,20300,26800,26600,43100,17.91
347,138,BRABEVACNOR1BR00,ABEV3,1622220360950854,17.91,17.9,17.89,17.92,17.93,17.94,3500,29700,19900,26800,26600,43100,17.91
348,138,BRABEVACNOR1BR00,ABEV3,1622220360953363,17.91,17.9,17.89,17.92,17.93,17.94,1200,30100,19900,26800,26600,43100,17.91
349,138,BRABEVACNOR1BR00,ABEV3,1622220365082892,17.9,17.89,17.88,17.91,17.92,17.93,30200,19800,28900,200,31700,27700,17.91
350,138,BRABEVACNOR1BR00,ABEV3,1622220365084619,17.9,17.89,17.88,17.91,17.92,17.93,30100,19800,28900,300,31600,27700,17.91
351,138,BRABEVACNOR1BR00,ABEV3,1622220375192000,17.9,17.89,17.88,17.91,17.92,17.93,24500,16600,31900,19000,25500,29000,17.91
352,138,BRABEVACNOR1BR00,ABEV3,1622220375192573,17.9,17.89,17.88,17.91,17.92,17.93,24500,16600,31900,18800,25500,29000,17.91
353,138,BRABEVACNOR1BR00,ABEV3,1622220375193911,17.9,17.89,17.88,17.91,17.92,17.93,28900,16600,31900,18900,25500,29000,17.91
354,138,BRABEVACNOR1BR00,ABEV3,1622220438498261,17.9,17.89,17.88,17.91,17.92,17.93,14000,23500,28900,22800,21700,24500,17.9
355,138,BRABEVACNOR1BR00,ABEV3,1622220438498692,17.9,17.89,17.88,17.91,17.92,17.93,14000,23500,28900,22800,21700,24500,17.91
356,138,BRABEVACNOR1BR00,ABEV3,1622220438506859,17.9,17.89,17.88,17.91,17.93,17.94,20200,23500,28900,100,16500,45700,17.93
357,138,BRABEVACNOR1BR00,ABEV3,1622220438507181,17.91,17.9,17.89,17.93,17.94,17.95,1100,20200,23500,16500,45700,111600,17.91
358,138,BRABEVACNOR1BR00,ABEV3,1622220438507379,17.91,17.9,17.89,17.93,17.94,17.95,9700,20200,23500,16500,45700,111600,17.91
359,138,BRABEVACNOR1BR00,ABEV3,1622220438507708,17.91,17.9,17.89,17.93,17.94,17.95,9700,20200,23500,16500,45700,111600,17.91
360,138,BRABEVACNOR1BR00,ABEV3,1622220438520033,17.91,17.9,17.89,17.93,17.94,17.95,10100,22300,20100,7700,41200,117600,17.91
361,138,BRABEVACNOR1BR00,ABEV3,1622220438529342,17.91,17.9,17.89,17.92,17.93,17.94,10100,21900,20100,1100,11900,41200,17.92
362,138,BRABEVACNOR1BR00,ABEV3,1622220438534093,17.91,17.9,17.89,17.92,17.93,17.94,8500,21900,20100,1200,11400,41200,17.92
363,138,BRABEVACNOR1BR00,ABEV3,1622220447111436,17.91,17.9,17.89,17.92,17.93,17.94,8300,19600,21900,20300,17900,44600,17.91
364,138,BRABEVACNOR1BR00,ABEV3,1622220447111997,17.91,17.9,17.89,17.92,17.93,17.94,8300,19600,21900,20300,17900,44600,17.93
365,138,BRABEVACNOR1BR00,ABEV3,1622220447118664,17.92,17.91,17.9,17.94,17.95,17.96,1500,12300,24800,30400,110200,19600,17.92
366,138,BRABEVACNOR1BR00,ABEV3,1622220447118732,17.92,17.91,17.9,17.94,17.95,17.96,2700,12300,24800,30400,110200,19600,17.92
367,138,BRABEVACNOR1BR00,ABEV3,1622220447118853,17.92,17.91,17.9,17.94,17.95,17.96,3900,12300,24800,30400,110200,19600,17.92
368,138,BRABEVACNOR1BR00,ABEV3,1622220447119482,17.92,17.91,17.9,17.94,17.95,17.96,3900,13100,24800,30400,110200,19600,17.92
369,138,BRABEVACNOR1BR00,ABEV3,1622220447128509,17.92,17.91,17.9,17.93,17.94,17.95,10000,15600,24500,2400,33700,108300,17.92
370,138,BRABEVACNOR1BR00,ABEV3,1622220447129007,17.92,17.91,17.9,17.93,17.94,17.95,13100,15600,21300,2400,33700,108300,17.92
371,138,BRABEVACNOR1BR00,ABEV3,1622220447135128,17.92,17.91,17.9,17.93,17.94,17.95,10400,15200,21300,2500,32000,108300,17.92
372,138,BRABEVACNOR1BR00,ABEV3,1622220447247671,17.91,17.9,17.89,17.92,17.93,17.94,14200,24500,21100,1200,8300,32100,17.92
373,138,BRABEVACNOR1BR00,ABEV3,1622220447249098,17.91,17.9,17.89,17.92,17.93,17.94,13200,24500,21100,1300,8200,32100,17.92
374,138,BRABEVACNOR1BR00,ABEV3,1622220448936580,17.91,17.9,17.89,17.92,17.93,17.94,15300,23500,26000,100,9600,32100,17.92
375,138,BRABEVACNOR1BR00,ABEV3,1622220448939694,17.91,17.9,17.89,17.93,17.94,17.95,16900,23500,26000,9700,32100,142400,17.92
376,138,BRABEVACNOR1BR00,ABEV3,1622220449342612,17.91,17.9,17.89,17.92,17.93,17.94,16900,25900,23600,1200,9700,32100,17.92
377,138,BRABEVACNOR1BR00,ABEV3,1622220449347622,17.91,17.9,17.89,17.92,17.93,17.94,16900,25900,23600,1300,9600,32100,17.92
378,138,BRABEVACNOR1BR00,ABEV3,1622220450270644,17.91,17.9,17.89,17.92,17.93,17.94,14800,25900,23600,100,9800,32100,17.92
379,138,BRABEVACNOR1BR00,ABEV3,1622220450272159,17.91,17.9,17.89,17.93,17.94,17.95,14400,25900,23600,9900,32100,142400,17.92
380,138,BRABEVACNOR1BR00,ABEV3,1622220450302795,17.91,17.9,17.89,17.92,17.93,17.94,14400,25900,23600,1200,9900,32100,17.92
381,138,BRABEVACNOR1BR00,ABEV3,1622220450304169,17.91,17.9,17.89,17.92,17.93,17.94,14400,25900,23600,1300,9800,37600,17.92
382,138,BRABEVACNOR1BR00,ABEV3,1622220465315696,17.91,17.9,17.89,17.92,17.93,17.94,11200,18600,19300,8100,9800,39400,17.92
383,138,BRABEVACNOR1BR00,ABEV3,1622220465316263,17.91,17.9,17.89,17.92,17.93,17.94,11200,18600,19300,3500,9800,39400,17.92
384,138,BRABEVACNOR1BR00,ABEV3,1622220465317573,17.91,17.9,17.89,17.92,17.93,17.94,11200,18600,19300,3600,9800,39400,17.92
385,138,BRABEVACNOR1BR00,ABEV3,1622220510172292,17.91,17.9,17.89,17.92,17.93,17.94,10200,22500,28400,7400,9800,26900,17.92
386,138,BRABEVACNOR1BR00,ABEV3,1622220510172343,17.91,17.9,17.89,17.92,17.93,17.94,10100,22500,28400,7400,9800,26900,17.92
387,138,BRABEVACNOR1BR00,ABEV3,1622220510173762,17.91,17.9,17.89,17.92,17.93,17.94,9800,25700,25200,7300,9800,26900,17.92
388,138,BRABEVACNOR1BR00,ABEV3,1622220515143631,17.91,17.9,17.89,17.93,17.94,17.95,10800,28000,28100,9800,26900,114900,17.92
389,138,BRABEVACNOR1BR00,ABEV3,1622220515143955,17.91,17.9,17.89,17.93,17.94,17.95,10800,28000,28100,9800,26900,114900,17.92
390,138,BRABEVACNOR1BR00,ABEV3,1622220515144729,17.91,17.9,17.89,17.93,17.94,17.95,10800,29600,28100,9800,26900,114900,17.92
391,138,BRABEVACNOR1BR00,ABEV3,1622220515146497,17.92,17.91,17.9,17.93,17.94,17.95,5600,12400,29700,9900,26900,114900,17.92
392,138,BRABEVACNOR1BR00,ABEV3,1622220526264026,17.92,17.91,17.9,17.93,17.94,17.95,11200,16500,26600,6200,17400,103400,17.93
393,138,BRABEVACNOR1BR00,ABEV3,1622220526304171,17.92,17.91,17.9,17.93,17.94,17.95,11200,16500,26600,6600,17400,103400,17.93
394,138,BRABEVACNOR1BR00,ABEV3,1622220526305487,17.92,17.91,17.9,17.93,17.94,17.95,11200,16500,26600,6700,17400,103400,17.93
395,138,BRABEVACNOR1BR00,ABEV3,1622220540518094,17.92,17.91,17.9,17.93,17.94,17.95,18100,15800,26000,800,17400,55500,17.93
396,138,BRABEVACNOR1BR00,ABEV3,1622220540521993,17.92,17.91,17.9,17.93,17.94,17.95,18100,15800,26000,700,17400,55500,17.93
397,138,BRABEVACNOR1BR00,ABEV3,1622220540523320,17.92,17.91,17.9,17.93,17.94,17.95,18100,15800,26000,800,17400,55500,17.93
398,138,BRABEVACNOR1BR00,ABEV3,1622220542512337,17.93,17.92,17.91,17.94,17.95,17.96,3800,12600,15800,17400,50100,33300,17.93
399,138,BRABEVACNOR1BR00,ABEV3,1622220542512768,17.93,17.92,17.91,17.94,17.95,17.96,3800,12600,15800,17400,50100,33300,17.93
400,138,BRABEVACNOR1BR00,ABEV3,1622220542513154,17.93,17.92,17.91,17.94,17.95,17.96,3800,12600,15800,15800,50100,33300,17.93
401,138,BRABEVACNOR1BR00,ABEV3,1622220542515925,17.92,17.91,17.9,17.94,17.95,17.96,15600,18200,26000,15500,50100,33300,17.93
402,138,BRABEVACNOR1BR00,ABEV3,1622220542516188,17.92,17.91,17.9,17.93,17.94,17.95,15600,18200,26000,1900,15500,50100,17.93
403,138,BRABEVACNOR1BR00,ABEV3,1622220542517844,17.92,17.91,17.9,17.93,17.94,17.95,12700,18200,26000,2000,18200,50100,17.93
404,138,BRABEVACNOR1BR00,ABEV3,1622220558544377,17.92,17.91,17.9,17.93,17.94,17.95,12100,10100,31200,12800,18400,55500,17.93
405,138,BRABEVACNOR1BR00,ABEV3,1622220558545290,17.92,17.91,17.9,17.93,17.94,17.95,12100,13200,28300,12800,18400,55500,17.93
406,138,BRABEVACNOR1BR00,ABEV3,1622220558546893,17.92,17.91,17.9,17.93,17.94,17.95,12100,13200,28300,12900,18400,55500,17.93
407,138,BRABEVACNOR1BR00,ABEV3,1622220599068686,17.92,17.91,17.9,17.93,17.94,17.95,13100,37000,34300,10600,30800,20100,17.92
408,138,BRABEVACNOR1BR00,ABEV3,1622220599069067,17.92,17.91,17.9,17.93,17.94,17.95,13100,37000,34300,10600,30800,20100,17.93
409,138,BRABEVACNOR1BR00,ABEV3,1622220599071472,17.93,17.92,17.91,17.94,17.95,17.96,7300,17600,33900,30700,20100,29500,17.93
410,138,BRABEVACNOR1BR00,ABEV3,1622220599071748,17.93,17.92,17.91,17.94,17.95,17.96,7300,17600,33900,30700,20100,29500,17.93
411,138,BRABEVACNOR1BR00,ABEV3,1622220599071852,17.93,17.92,17.91,17.94,17.95,17.96,7300,17600,33900,30700,20100,29500,17.93
412,138,BRABEVACNOR1BR00,ABEV3,1622220599073536,17.93,17.92,17.91,17.94,17.95,17.96,7300,17600,36300,30800,20100,29500,17.93
413,138,BRABEVACNOR1BR00,ABEV3,1622220606824619,17.92,17.91,17.9,17.93,17.94,17.95,8600,35700,30000,1000,35400,21200,17.93
414,138,BRABEVACNOR1BR00,ABEV3,1622220606826176,17.92,17.91,17.9,17.93,17.94,17.95,8500,35700,27000,2100,35300,21200,17.93
415,138,BRABEVACNOR1BR00,ABEV3,1622220656204371,17.92,17.91,17.9,17.93,17.94,17.95,7800,31300,29300,25600,51200,26500,17.93
416,138,BRABEVACNOR1BR00,ABEV3,1622220656609469,17.92,17.91,17.9,17.93,17.94,17.95,7800,31300,29300,25600,45900,26500,17.93
417,138,BRABEVACNOR1BR00,ABEV3,1622220656610784,17.92,17.91,17.9,17.93,17.94,17.95,7800,31300,29300,25700,45900,26500,17.93
418,138,BRABEVACNOR1BR00,ABEV3,1622220674827470,17.91,17.9,17.89,17.92,17.93,17.94,31300,21800,18300,1000,25300,19900,17.92
419,138,BRABEVACNOR1BR00,ABEV3,1622220674829061,17.91,17.9,17.89,17.92,17.93,17.94,30300,18600,18300,1100,25300,19900,17.92
420,138,BRABEVACNOR1BR00,ABEV3,1622220690112775,17.91,17.9,17.89,17.92,17.93,17.94,20300,18600,18300,12800,18100,19800,17.92
421,138,BRABEVACNOR1BR00,ABEV3,1622220690112798,17.91,17.9,17.89,17.92,17.93,17.94,20200,18600,18300,12800,18100,19800,17.92
422,138,BRABEVACNOR1BR00,ABEV3,1622220690114227,17.91,17.9,17.89,17.92,17.93,17.94,20100,18600,21500,12900,18100,19800,17.92
423,138,BRABEVACNOR1BR00,ABEV3,1622220750621083,17.9,17.89,17.88,17.91,17.92,17.93,17600,18300,13200,4600,21300,15800,17.91
424,138,BRABEVACNOR1BR00,ABEV3,1622220750622658,17.9,17.89,17.88,17.91,17.92,17.93,17500,18300,13200,4800,21100,15800,17.91
425,138,BRABEVACNOR1BR00,ABEV3,1622220780699426,17.9,17.89,17.88,17.91,17.92,17.93,11800,17600,11100,12100,13100,19000,17.91
426,138,BRABEVACNOR1BR00,ABEV3,1622220780699978,17.9,17.89,17.88,17.91,17.92,17.93,11800,17600,11100,12100,13100,19000,17.91
427,138,BRABEVACNOR1BR00,ABEV3,1622220780702955,17.91,17.9,17.89,17.92,17.93,17.94,41300,18300,17600,8500,19000,29100,17.91
428,138,BRABEVACNOR1BR00,ABEV3,1622220780703158,17.91,17.9,17.89,17.92,17.93,17.94,41300,18300,17600,8500,19000,29100,17.91
429,138,BRABEVACNOR1BR00,ABEV3,1622220780703301,17.91,17.9,17.89,17.92,17.93,17.94,41300,18300,17600,8500,13800,29100,17.91
430,138,BRABEVACNOR1BR00,ABEV3,1622220780706320,17.91,17.9,17.89,17.92,17.93,17.94,41300,18300,17600,8600,13800,29100,17.91
431,138,BRABEVACNOR1BR00,ABEV3,1622220788108833,17.92,17.91,17.9,17.93,17.94,17.95,4500,44300,17500,9900,33600,48700,17.92
432,138,BRABEVACNOR1BR00,ABEV3,1622220788109060,17.92,17.91,17.9,17.93,17.94,17.95,4500,44300,17500,9900,33600,48700,17.92
433,138,BRABEVACNOR1BR00,ABEV3,1622220788110152,17.92,17.91,17.9,17.93,17.94,17.95,4500,44300,17600,9900,33600,48700,17.92
434,138,BRABEVACNOR1BR00,ABEV3,1622220788113278,17.92,17.91,17.9,17.93,17.94,17.95,8000,44300,17600,5400,28300,48700,17.92
435,138,BRABEVACNOR1BR00,ABEV3,1622220788251254,17.92,17.91,17.9,17.93,17.94,17.95,9400,44500,20000,4200,29500,48700,17.92
436,138,BRABEVACNOR1BR00,ABEV3,1622220788252624,17.92,17.91,17.9,17.93,17.94,17.95,9300,44500,20000,4100,29500,48700,17.92
437,138,BRABEVACNOR1BR00,ABEV3,1622220788252847,17.92,17.91,17.9,17.93,17.94,17.95,9300,44500,20000,4100,29500,48700,17.92
438,138,BRABEVACNOR1BR00,ABEV3,1622220788253117,17.92,17.91,17.9,17.93,17.94,17.95,9300,44500,20000,4100,29500,48700,17.92
439,138,BRABEVACNOR1BR00,ABEV3,1622220788254626,17.92,17.91,17.9,17.93,17.94,17.95,9200,44500,20000,4100,29500,48700,17.92
440,138,BRABEVACNOR1BR00,ABEV3,1622220788254828,17.92,17.91,17.9,17.93,17.94,17.95,9200,44500,20000,4100,29500,48700,17.92
441,138,BRABEVACNOR1BR00,ABEV3,1622220788317120,17.92,17.91,17.9,17.93,17.94,17.95,9400,44300,20000,4100,29500,48700,17.92
442,138,BRABEVACNOR1BR00,ABEV3,1622220788318450,17.92,17.91,17.9,17.93,17.94,17.95,9600,44000,20000,4100,29500,48700,17.92
443,138,BRABEVACNOR1BR00,ABEV3,1622220788318669,17.92,17.91,17.9,17.93,17.94,17.95,9600,44000,20000,4100,29500,48700,17.92
444,138,BRABEVACNOR1BR00,ABEV3,1622220788416481,17.92,17.91,17.9,17.93,17.94,17.95,9600,44300,20000,4100,29500,48700,17.92
445,138,BRABEVACNOR1BR00,ABEV3,1622220788417973,17.92,17.91,17.9,17.93,17.94,17.95,9500,44700,20000,4100,29500,48700,17.92
446,138,BRABEVACNOR1BR00,ABEV3,1622220788418406,17.92,17.91,17.9,17.93,17.94,17.95,9500,44700,20000,4100,29500,48700,17.92
447,138,BRABEVACNOR1BR00,ABEV3,1622220788527694,17.92,17.91,17.9,17.93,17.94,17.95,9600,44600,20000,4100,29500,48700,17.92
448,138,BRABEVACNOR1BR00,ABEV3,1622220788529042,17.92,17.91,17.9,17.93,17.94,17.95,9500,44600,20000,4100,29500,48700,17.92
449,138,BRABEVACNOR1BR00,ABEV3,1622220788529265,17.92,17.91,17.9,17.93,17.94,17.95,9500,44600,20000,4100,29500,48700,17.92
450,138,BRABEVACNOR1BR00,ABEV3,1622220788680480,17.92,17.91,17.9,17.93,17.94,17.95,9500,44500,20000,4100,29500,48700,17.92
451,138,BRABEVACNOR1BR00,ABEV3,1622220788681741,17.92,17.91,17.9,17.93,17.94,17.95,9400,44500,20000,4100,29500,48700,17.92
452,138,BRABEVACNOR1BR00,ABEV3,1622220788681960,17.92,17.91,17.9,17.93,17.94,17.95,9400,44500,20000,4100,29500,48700,17.92
453,138,BRABEVACNOR1BR00,ABEV3,1622220788751648,17.91,17.9,17.89,17.93,17.94,17.95,13900,20000,18900,4100,29500,48700,17.91
454,138,BRABEVACNOR1BR00,ABEV3,1622220788756752,17.91,17.9,17.89,17.92,17.93,17.94,13800,20000,18900,3500,4100,29500,17.91
455,138,BRABEVACNOR1BR00,ABEV3,1622220788756972,17.91,17.9,17.89,17.92,17.93,17.94,13800,20000,18900,3500,4100,29500,17.91
456,138,BRABEVACNOR1BR00,ABEV3,1622220788758710,17.91,17.9,17.89,17.92,17.93,17.94,13700,20000,18900,3500,4100,29500,17.91
457,138,BRABEVACNOR1BR00,ABEV3,1622220788761288,17.91,17.9,17.89,17.93,17.94,17.95,15200,17600,18900,4100,29500,48700,17.91
458,138,BRABEVACNOR1BR00,ABEV3,1622220788761536,17.91,17.9,17.89,17.93,17.94,17.95,15200,17600,18900,4100,29500,48700,17.91
459,138,BRABEVACNOR1BR00,ABEV3,1622220788808706,17.91,17.9,17.89,17.93,17.94,17.95,15200,17600,18900,5200,28400,48700,17.91
460,138,BRABEVACNOR1BR00,ABEV3,1622220788810096,17.91,17.9,17.89,17.93,17.94,17.95,15100,17600,18900,5200,28400,48700,17.91
461,138,BRABEVACNOR1BR00,ABEV3,1622220788810303,17.91,17.9,17.89,17.93,17.94,17.95,15100,17600,18900,5200,28400,48700,17.91
462,138,BRABEVACNOR1BR00,ABEV3,1622220788857362,17.91,17.9,17.89,17.93,17.94,17.95,15100,17600,18900,5200,28400,48700,17.91
463,138,BRABEVACNOR1BR00,ABEV3,1622220788858670,17.91,17.9,17.89,17.93,17.94,17.95,15000,17600,18900,5200,28400,48700,17.91
464,138,BRABEVACNOR1BR00,ABEV3,1622220788858907,17.91,17.9,17.89,17.93,17.94,17.95,15000,17600,18900,5200,28400,48700,17.91
465,630,BRALPAACNPR7BR00,ALPA4,1622220023169683,46.83,46.8,46.79,46.86,46.87,46.88,100,700,1400,3600,1300,200,46.83
466,630,BRALPAACNPR7BR00,ALPA4,1622220023171056,46.83,46.8,46.79,46.86,46.87,46.88,100,700,1400,3700,1300,200,46.83
467,630,BRALPAACNPR7BR00,ALPA4,1622220030804793,46.8,46.79,46.78,46.86,46.87,46.88,700,1400,400,3700,1300,200,46.83
468,630,BRALPAACNPR7BR00,ALPA4,1622220030806595,46.8,46.79,46.78,46.85,46.86,46.87,500,1400,600,100,3600,1300,46.83
469,630,BRALPAACNPR7BR00,ALPA4,1622220030807144,46.8,46.79,46.78,46.85,46.86,46.87,500,1400,600,200,3600,1300,46.83
470,630,BRALPAACNPR7BR00,ALPA4,1622220030808414,46.8,46.79,46.78,46.84,46.85,46.86,300,1300,600,100,300,3600,46.83
471,630,BRALPAACNPR7BR00,ALPA4,1622220031063422,46.8,46.79,46.78,46.84,46.85,46.86,100,1200,600,200,2200,1500,46.8
472,630,BRALPAACNPR7BR00,ALPA4,1622220031064924,46.8,46.79,46.78,46.83,46.84,46.85,100,1200,600,100,300,2200,46.8
473,630,BRALPAACNPR7BR00,ALPA4,1622220031423526,46.78,46.77,46.76,46.83,46.84,46.85,600,200,1300,2200,400,300,46.8
474,630,BRALPAACNPR7BR00,ALPA4,1622220031425071,46.78,46.77,46.76,46.82,46.83,46.84,100,200,1600,100,2100,400,46.8
475,630,BRALPAACNPR7BR00,ALPA4,1622220031425898,46.76,46.75,46.74,46.82,46.83,46.84,1600,1200,400,200,2100,400,46.8
476,630,BRALPAACNPR7BR00,ALPA4,1622220031427116,46.77,46.76,46.75,46.81,46.82,46.83,500,1600,1200,100,200,2100,46.8
477,630,BRALPAACNPR7BR00,ALPA4,1622220031645221,46.77,46.76,46.75,46.81,46.82,46.83,800,1600,1200,900,200,2200,46.8
478,630,BRALPAACNPR7BR00,ALPA4,1622220031646458,46.77,46.76,46.75,46.8,46.81,46.82,600,1600,1200,100,800,200,46.8
479,630,BRALPAACNPR7BR00,ALPA4,1622220031811865,46.76,46.75,46.74,46.8,46.81,46.82,800,1000,1600,200,800,200,46.8
480,630,BRALPAACNPR7BR00,ALPA4,1622220031813374,46.76,46.75,46.74,46.79,46.8,46.81,600,1000,1600,100,2100,800,46.8
481,630,BRALPAACNPR7BR00,ALPA4,1622220032218481,46.75,46.74,46.73,46.79,46.8,46.81,600,1400,500,200,2100,900,46.8
482,630,BRALPAACNPR7BR00,ALPA4,1622220032219876,46.75,46.74,46.73,46.78,46.79,46.8,600,1400,500,100,100,2200,46.8
483,630,BRALPAACNPR7BR00,ALPA4,1622220032316410,46.74,46.73,46.72,46.78,46.79,46.8,1400,500,800,2200,100,100,46.8
484,630,BRALPAACNPR7BR00,ALPA4,1622220032317939,46.74,46.73,46.72,46.77,46.78,46.79,1400,300,800,100,2100,100,46.8
485,630,BRALPAACNPR7BR00,ALPA4,1622220035810377,46.74,46.73,46.72,46.77,46.78,46.8,100,200,1700,3700,1400,100,46.8
486,630,BRALPAACNPR7BR00,ALPA4,1622220035810467,46.74,46.73,46.72,46.78,46.8,46.82,100,200,1700,1400,100,200,46.77
487,630,BRALPAACNPR7BR00,ALPA4,1622220035812316,46.74,46.73,46.72,46.77,46.82,46.85,100,200,1700,100,200,300,46.8
488,630,BRALPAACNPR7BR00,ALPA4,1622220035812766,46.74,46.73,46.72,46.77,46.82,46.85,100,200,1800,100,200,300,46.8
489,630,BRALPAACNPR7BR00,ALPA4,1622220035813724,46.74,46.73,46.72,46.82,46.85,46.86,300,200,1600,200,300,100,46.77
490,630,BRALPAACNPR7BR00,ALPA4,1622220035813773,46.74,46.73,46.72,46.82,46.85,46.86,300,700,1600,200,300,100,46.77
491,630,BRALPAACNPR7BR00,ALPA4,1622220035815305,46.75,46.74,46.73,46.81,46.85,46.86,100,900,800,100,200,600,46.82
492,630,BRALPAACNPR7BR00,ALPA4,1622220035815343,46.75,46.74,46.73,46.81,46.85,46.86,100,900,900,100,200,600,46.82
493,630,BRALPAACNPR7BR00,ALPA4,1622220035816597,46.75,46.74,46.73,46.81,46.84,46.85,900,2000,900,200,100,700,46.82
494,630,BRALPAACNPR7BR00,ALPA4,1622220035816700,46.75,46.74,46.73,46.81,46.84,46.85,900,2000,900,200,100,700,46.82
495,630,BRALPAACNPR7BR00,ALPA4,1622220035818016,46.76,46.75,46.74,46.8,46.81,46.84,700,1000,2000,100,200,500,46.82
496,630,BRALPAACNPR7BR00,ALPA4,1622220035950779,46.76,46.75,46.74,46.79,46.8,46.81,700,500,2000,100,100,200,46.82
497,630,BRALPAACNPR7BR00,ALPA4,1622220035952116,46.76,46.75,46.74,46.79,46.81,46.83,200,500,1500,200,200,500,46.82
498,630,BRALPAACNPR7BR00,ALPA4,1622220035968099,46.75,46.74,46.73,46.79,46.81,46.83,500,1500,400,200,200,500,46.82
499,630,BRALPAACNPR7BR00,ALPA4,1622220035969367,46.75,46.74,46.73,46.78,46.79,46.81,500,1500,400,100,100,200,46.82
500,630,BRALPAACNPR7BR00,ALPA4,1622220037834581,46.74,46.73,46.72,46.78,46.79,46.8,1700,400,700,1000,100,500,46.82
501,630,BRALPAACNPR7BR00,ALPA4,1622220037835802,46.74,46.73,46.72,46.77,46.78,46.79,500,400,900,100,900,100,46.82
502,630,BRALPAACNPR7BR00,ALPA4,1622220044381799,46.74,46.73,46.72,46.77,46.79,46.8,400,300,2000,1000,100,500,46.82
503,630,BRALPAACNPR7BR00,ALPA4,1622220044383262,46.74,46.73,46.72,46.76,46.77,46.79,400,300,2000,100,900,100,46.82
504,630,BRALPAACNPR7BR00,ALPA4,1622220044384244,46.74,46.73,46.72,46.79,46.8,46.81,400,300,2000,100,500,200,46.77
505,630,BRALPAACNPR7BR00,ALPA4,1622220044384385,46.74,46.73,46.72,46.79,46.8,46.81,400,300,2000,100,500,200,46.77
506,630,BRALPAACNPR7BR00,ALPA4,1622220044385503,46.74,46.73,46.72,46.8,46.81,46.84,400,300,2000,500,200,500,46.79
507,630,BRALPAACNPR7BR00,ALPA4,1622220044386787,46.74,46.73,46.72,46.79,46.8,46.81,400,400,2000,100,400,200,46.79
508,630,BRALPAACNPR7BR00,ALPA4,1622220044387604,46.74,46.73,46.72,46.79,46.8,46.81,900,400,2000,300,400,300,46.79
509,630,BRALPAACNPR7BR00,ALPA4,1622220044388728,46.75,46.74,46.73,46.78,46.79,46.8,500,900,400,100,200,400,46.79
510,630,BRALPAACNPR7BR00,ALPA4,1622220044389749,46.75,46.74,46.73,46.79,46.8,46.81,800,900,400,200,400,300,46.78
511,630,BRALPAACNPR7BR00,ALPA4,1622220044390115,46.75,46.74,46.73,46.79,46.8,46.81,800,900,400,200,400,200,46.78
512,630,BRALPAACNPR7BR00,ALPA4,1622220044391283,46.75,46.74,46.73,46.78,46.79,46.8,900,900,400,100,200,400,46.78
513,630,BRALPAACNPR7BR00,ALPA4,1622220044392671,46.76,46.75,46.74,46.79,46.8,46.81,600,400,900,200,400,200,46.78
514,630,BRALPAACNPR7BR00,ALPA4,1622220044393025,46.76,46.75,46.74,46.79,46.8,46.81,600,400,900,200,400,200,46.78
515,630,BRALPAACNPR7BR00,ALPA4,1622220044394585,46.76,46.75,46.74,46.78,46.79,46.8,600,400,900,100,200,400,46.78
516,630,BRALPAACNPR7BR00,ALPA4,1622220044399671,46.76,46.75,46.74,46.79,46.8,46.81,100,400,900,200,400,200,46.78
517,630,BRALPAACNPR7BR00,ALPA4,1622220044887061,46.76,46.75,46.74,46.79,46.8,46.81,100,400,900,300,400,200,46.78
518,630,BRALPAACNPR7BR00,ALPA4,1622220044888363,46.76,46.75,46.74,46.78,46.79,46.8,100,400,400,100,100,400,46.78
519,630,BRALPAACNPR7BR00,ALPA4,1622220045390812,46.75,46.74,46.73,46.78,46.8,46.81,100,400,600,200,400,300,46.78
520,630,BRALPAACNPR7BR00,ALPA4,1622220045392113,46.75,46.74,46.73,46.77,46.78,46.8,100,400,700,100,100,400,46.78
521,630,BRALPAACNPR7BR00,ALPA4,1622220054841079,46.75,46.74,46.73,46.77,46.78,46.81,300,500,600,500,400,300,46.77
522,630,BRALPAACNPR7BR00,ALPA4,1622220055116132,46.75,46.74,46.73,46.78,46.81,46.84,300,500,600,400,300,500,46.77
523,630,BRALPAACNPR7BR00,ALPA4,1622220055117352,46.75,46.74,46.73,46.77,46.78,46.81,300,500,600,100,400,300,46.77
524,630,BRALPAACNPR7BR00,ALPA4,1622220055118578,46.75,46.74,46.73,46.78,46.81,46.84,300,500,600,400,300,500,46.77
525,630,BRALPAACNPR7BR00,ALPA4,1622220055618966,46.75,46.74,46.73,46.78,46.81,46.84,300,500,600,600,300,500,46.77
526,630,BRALPAACNPR7BR00,ALPA4,1622220055620199,46.75,46.74,46.73,46.77,46.78,46.81,300,500,600,100,600,300,46.77
527,630,BRALPAACNPR7BR00,ALPA4,1622220056626171,46.75,46.74,46.73,46.77,46.78,46.81,300,500,600,200,400,300,46.77
528,630,BRALPAACNPR7BR00,ALPA4,1622220057122660,46.75,46.74,46.73,46.78,46.81,46.84,300,500,600,600,300,500,46.77
529,630,BRALPAACNPR7BR00,ALPA4,1622220057123979,46.75,46.74,46.73,46.77,46.78,46.81,300,500,600,100,600,300,46.77
530,630,BRALPAACNPR7BR00,ALPA4,1622220060210222,46.74,46.73,46.72,46.77,46.78,46.79,400,800,1700,300,400,100,46.75
531,630,BRALPAACNPR7BR00,ALPA4,1622220060211621,46.74,46.73,46.72,46.76,46.77,46.78,400,600,1700,100,200,400,46.75
532,630,BRALPAACNPR7BR00,ALPA4,1622220061398142,46.85,46.74,46.73,46.86,46.87,46.88,12900,400,400,600,700,2600,46.85
533,630,BRALPAACNPR7BR00,ALPA4,1622220061398167,46.85,46.74,46.73,46.86,46.87,46.88,12900,400,400,600,700,2600,46.85
534,630,BRALPAACNPR7BR00,ALPA4,1622220061398853,46.85,46.74,46.73,46.86,46.87,46.88,12900,400,400,600,700,2500,46.85
535,630,BRALPAACNPR7BR00,ALPA4,1622220061406232,46.77,46.74,46.73,46.86,46.87,46.88,100,1400,700,500,100,2400,46.85
536,630,BRALPAACNPR7BR00,ALPA4,1622220061407437,46.77,46.74,46.73,46.86,46.87,46.88,100,1500,700,500,100,2400,46.85
537,630,BRALPAACNPR7BR00,ALPA4,1622220061410823,46.77,46.76,46.75,46.85,46.87,46.88,200,200,700,100,500,2400,46.85
538,630,BRALPAACNPR7BR00,ALPA4,1622220061412125,46.77,46.76,46.75,46.85,46.87,46.88,100,200,700,100,500,2400,46.85
539,630,BRALPAACNPR7BR00,ALPA4,1622220061416083,46.77,46.76,46.75,46.85,46.86,46.87,900,700,700,200,100,600,46.85
540,630,BRALPAACNPR7BR00,ALPA4,1622220061416232,46.77,46.76,46.75,46.85,46.86,46.87,900,700,700,200,2100,600,46.85
541,630,BRALPAACNPR7BR00,ALPA4,1622220061418119,46.78,46.77,46.76,46.84,46.85,46.87,600,900,700,100,200,600,46.85
542,630,BRALPAACNPR7BR00,ALPA4,1622220061617090,46.78,46.77,46.76,46.84,46.85,46.87,600,400,800,200,10800,600,46.85
543,630,BRALPAACNPR7BR00,ALPA4,1622220061618936,46.78,46.77,46.76,46.83,46.84,46.85,600,400,900,100,100,10800,46.85
544,630,BRALPAACNPR7BR00,ALPA4,1622220061619572,46.78,46.77,46.76,46.83,46.84,46.85,600,400,900,300,100,10800,46.85
545,630,BRALPAACNPR7BR00,ALPA4,1622220061620787,46.78,46.77,46.76,46.82,46.83,46.84,600,400,900,100,200,100,46.85
546,630,BRALPAACNPR7BR00,ALPA4,1622220061901529,46.78,46.77,46.76,46.82,46.83,46.84,600,700,300,3800,200,3400,46.85
547,630,BRALPAACNPR7BR00,ALPA4,1622220061902943,46.78,46.77,46.76,46.81,46.82,46.83,500,400,300,100,3800,200,46.85
548,630,BRALPAACNPR7BR00,ALPA4,1622220061903568,46.78,46.77,46.76,46.81,46.82,46.83,500,300,300,300,3800,200,46.85
549,630,BRALPAACNPR7BR00,ALPA4,1622220061904891,46.77,46.76,46.75,46.8,46.81,46.82,300,300,700,100,3500,3800,46.85
550,630,BRALPAACNPR7BR00,ALPA4,1622220062403555,46.77,46.76,46.75,46.8,46.81,46.82,300,100,200,3800,3500,100,46.85
551,630,BRALPAACNPR7BR00,ALPA4,1622220062405928,46.76,46.74,46.73,46.79,46.8,46.81,100,1500,600,100,3700,3500,46.77
552,630,BRALPAACNPR7BR00,ALPA4,1622220062416773,46.76,46.74,46.73,46.79,46.8,46.81,100,1300,600,200,6000,3500,46.77
553,630,BRALPAACNPR7BR00,ALPA4,1622220062418132,46.76,46.74,46.73,46.78,46.8,46.81,100,1300,600,100,6000,3500,46.77
554,630,BRALPAACNPR7BR00,ALPA4,1622220062418493,46.76,46.74,46.73,46.78,46.8,46.81,100,1200,600,100,6000,3500,46.77
555,630,BRALPAACNPR7BR00,ALPA4,1622220062419770,46.76,46.74,46.73,46.79,46.8,46.81,100,200,600,200,6000,3500,46.77
556,630,BRALPAACNPR7BR00,ALPA4,1622220062432301,46.76,46.74,46.73,46.79,46.8,46.81,100,200,700,200,6000,3500,46.77
557,630,BRALPAACNPR7BR00,ALPA4,1622220062433529,46.76,46.74,46.73,46.78,46.79,46.8,100,200,700,100,100,6000,46.77
558,630,BRALPAACNPR7BR00,ALPA4,1622220062529810,46.77,46.76,46.74,46.78,46.79,46.8,200,100,200,100,100,6000,46.77
559,630,BRALPAACNPR7BR00,ALPA4,1622220062531167,46.77,46.76,46.74,46.79,46.8,46.81,200,100,200,200,6000,3500,46.77
560,630,BRALPAACNPR7BR00,ALPA4,1622220063908743,46.76,46.74,46.73,46.78,46.79,46.8,100,100,700,3300,3900,400,46.77
561,630,BRALPAACNPR7BR00,ALPA4,1622220063910161,46.76,46.74,46.73,46.78,46.79,46.8,100,100,700,3400,3800,400,46.77
562,630,BRALPAACNPR7BR00,ALPA4,1622220066480656,46.74,46.73,46.72,46.75,46.78,46.79,100,700,1700,200,7200,200,46.75
563,630,BRALPAACNPR7BR00,ALPA4,1622220066482345,46.74,46.73,46.72,46.75,46.76,46.78,100,200,400,200,100,7100,46.75
564,630,BRALPAACNPR7BR00,ALPA4,1622220066606558,46.74,46.73,46.72,46.76,46.78,46.79,100,200,300,100,7100,300,46.75
565,630,BRALPAACNPR7BR00,ALPA4,1622220066607968,46.75,46.74,46.73,46.77,46.78,46.79,1000,100,200,100,7100,200,46.75
566,630,BRALPAACNPR7BR00,ALPA4,1622220066985672,46.74,46.73,46.72,46.77,46.78,46.79,100,200,700,4100,3300,200,46.75
567,630,BRALPAACNPR7BR00,ALPA4,1622220066986972,46.74,46.73,46.72,46.76,46.77,46.78,100,200,500,100,4000,3300,46.75
568,630,BRALPAACNPR7BR00,ALPA4,1622220071258320,46.75,46.74,46.73,46.76,46.77,46.79,100,100,200,4200,1600,100,46.75
569,630,BRALPAACNPR7BR00,ALPA4,1622220071259697,46.75,46.74,46.73,46.76,46.77,46.79,100,100,200,4100,1700,100,46.75
570,630,BRALPAACNPR7BR00,ALPA4,1622220071260572,46.76,46.75,46.74,46.77,46.79,46.81,1000,100,100,1700,100,300,46.76
571,630,BRALPAACNPR7BR00,ALPA4,1622220071262191,46.76,46.75,46.74,46.81,46.83,46.84,1000,200,100,200,300,100,46.77
572,630,BRALPAACNPR7BR00,ALPA4,1622220071262215,46.76,46.75,46.74,46.81,46.83,46.84,1100,200,100,200,300,100,46.77
573,630,BRALPAACNPR7BR00,ALPA4,1622220071264091,46.76,46.75,46.74,46.81,46.83,46.84,1700,300,300,300,300,100,46.77
574,630,BRALPAACNPR7BR00,ALPA4,1622220071320919,46.77,46.76,46.75,46.81,46.83,46.84,700,1200,300,100,300,100,46.77
575,630,BRALPAACNPR7BR00,ALPA4,1622220071322233,46.77,46.76,46.75,46.83,46.84,46.85,700,1200,300,400,100,200,46.77
576,630,BRALPAACNPR7BR00,ALPA4,1622220071503923,46.77,46.76,46.75,46.82,46.83,46.84,200,200,300,500,900,600,46.76
577,630,BRALPAACNPR7BR00,ALPA4,1622220071505309,46.77,46.76,46.75,46.82,46.83,46.84,200,200,300,800,800,600,46.76
578,630,BRALPAACNPR7BR00,ALPA4,1622220072068152,46.76,46.75,46.74,46.81,46.82,46.83,300,200,500,100,1700,300,46.76
579,630,BRALPAACNPR7BR00,ALPA4,1622220072069448,46.76,46.75,46.74,46.81,46.82,46.83,300,200,500,400,1600,300,46.76
580,630,BRALPAACNPR7BR00,ALPA4,1622220073823801,46.76,46.75,46.74,46.8,46.81,46.82,300,1400,500,300,1400,200,46.76
581,630,BRALPAACNPR7BR00,ALPA4,1622220073825204,46.76,46.75,46.74,46.8,46.81,46.82,300,1400,500,600,1300,200,46.76
582,630,BRALPAACNPR7BR00,ALPA4,1622220079927356,46.75,46.74,46.73,46.8,46.81,46.82,1200,400,700,500,300,200,46.8
583,630,BRALPAACNPR7BR00,ALPA4,1622220079927800,46.75,46.74,46.73,46.8,46.81,46.82,1200,400,700,500,200,200,46.8
584,630,BRALPAACNPR7BR00,ALPA4,1622220079929156,46.76,46.75,46.74,46.8,46.81,46.82,1000,1700,400,100,200,200,46.8
585,630,BRALPAACNPR7BR00,ALPA4,1622220079929311,46.76,46.75,46.74,46.8,46.81,46.82,1000,1700,400,100,200,200,46.8
586,630,BRALPAACNPR7BR00,ALPA4,1622220079930001,46.76,46.75,46.74,46.83,46.84,46.85,1100,1700,400,300,100,200,46.82
587,630,BRALPAACNPR7BR00,ALPA4,1622220079930014,46.76,46.75,46.74,46.83,46.84,46.85,1300,1700,400,300,100,200,46.82
588,630,BRALPAACNPR7BR00,ALPA4,1622220079931483,46.77,46.76,46.75,46.83,46.84,46.85,600,1900,2500,100,100,200,46.83
589,630,BRALPAACNPR7BR00,ALPA4,1622220079931551,46.77,46.76,46.75,46.83,46.84,46.85,600,1900,2500,100,100,200,46.83
590,630,BRALPAACNPR7BR00,ALPA4,1622220079932631,46.77,46.76,46.75,46.84,46.85,46.86,600,1900,2500,100,200,500,46.83
591,630,BRALPAACNPR7BR00,ALPA4,1622220079933216,46.78,46.77,46.76,46.84,46.85,46.86,100,600,1900,100,200,500,46.83
592,630,BRALPAACNPR7BR00,ALPA4,1622220079934742,46.78,46.77,46.76,46.84,46.85,46.86,200,600,1900,100,200,500,46.84
593,630,BRALPAACNPR7BR00,ALPA4,1622220079935347,46.78,46.77,46.76,46.84,46.85,46.86,200,600,1900,100,200,500,46.84
594,630,BRALPAACNPR7BR00,ALPA4,1622220079936486,46.78,46.77,46.76,46.85,46.86,46.88,700,600,1900,100,500,600,46.85
595,630,BRALPAACNPR7BR00,ALPA4,1622220079936646,46.78,46.77,46.76,46.85,46.86,46.88,700,700,1900,100,500,600,46.85
596,630,BRALPAACNPR7BR00,ALPA4,1622220079938006,46.78,46.77,46.76,46.85,46.88,46.89,700,700,2000,100,600,900,46.85
597,630,BRALPAACNPR7BR00,ALPA4,1622220079938329,46.78,46.77,46.76,46.85,46.88,46.89,700,700,2000,100,500,900,46.85
598,630,BRALPAACNPR7BR00,ALPA4,1622220079939149,46.78,46.77,46.76,46.88,46.89,46.9,900,700,2100,500,800,2800,46.85
599,630,BRALPAACNPR7BR00,ALPA4,1622220079939620,46.79,46.78,46.77,46.88,46.89,46.9,500,900,700,500,800,2800,46.85
600,630,BRALPAACNPR7BR00,ALPA4,1622220079940936,46.8,46.79,46.78,46.88,46.89,46.9,100,600,800,600,800,2800,46.85
601,630,BRALPAACNPR7BR00,ALPA4,1622220080098688,46.8,46.79,46.78,46.88,46.89,46.9,700,700,800,100,800,2700,46.88
602,630,BRALPAACNPR7BR00,ALPA4,1622220080099957,46.8,46.79,46.78,46.89,46.9,46.91,700,700,800,900,2700,400,46.88
603,630,BRALPAACNPR7BR00,ALPA4,1622220080603936,46.82,46.81,46.8,46.89,46.9,46.91,700,800,1900,600,2100,400,46.89
604,630,BRALPAACNPR7BR00,ALPA4,1622220080771138,46.82,46.81,46.8,46.89,46.9,46.91,700,800,1900,500,2100,400,46.89
605,630,BRALPAACNPR7BR00,ALPA4,1622220080772537,46.82,46.81,46.8,46.89,46.9,46.91,700,800,1900,600,2100,400,46.89
606,630,BRALPAACNPR7BR00,ALPA4,1622220080919513,46.84,46.83,46.82,46.89,46.9,46.91,700,300,900,100,200,800,46.89
607,630,BRALPAACNPR7BR00,ALPA4,1622220080920801,46.84,46.83,46.82,46.9,46.91,46.92,700,300,900,100,300,200,46.89
608,630,BRALPAACNPR7BR00,ALPA4,1622220080920822,46.84,46.83,46.82,46.9,46.91,46.92,700,300,900,100,300,100,46.89
609,630,BRALPAACNPR7BR00,ALPA4,1622220080922111,46.84,46.83,46.82,46.9,46.91,46.92,700,300,900,200,300,100,46.89
610,630,BRALPAACNPR7BR00,ALPA4,1622220080927343,46.84,46.83,46.82,46.9,46.91,46.92,700,300,900,200,300,600,46.89
611,630,BRALPAACNPR7BR00,ALPA4,1622220080928588,46.84,46.83,46.82,46.9,46.91,46.92,700,300,900,300,200,600,46.89
612,630,BRALPAACNPR7BR00,ALPA4,1622220083463787,46.85,46.84,46.83,46.9,46.91,46.92,700,300,300,100,300,100,46.9
613,630,BRALPAACNPR7BR00,ALPA4,1622220083464017,46.85,46.84,46.83,46.9,46.91,46.92,700,300,300,100,300,100,46.9
614,630,BRALPAACNPR7BR00,ALPA4,1622220083464441,46.85,46.84,46.83,46.9,46.91,46.92,700,300,300,100,200,100,46.9
615,630,BRALPAACNPR7BR00,ALPA4,1622220083465703,46.85,46.84,46.83,46.9,46.92,46.93,800,300,300,200,100,700,46.9
616,630,BRALPAACNPR7BR00,ALPA4,1622220094064437,46.85,46.83,46.82,46.89,46.9,46.91,300,400,500,300,1400,100,46.85
617,630,BRALPAACNPR7BR00,ALPA4,1622220094066036,46.85,46.83,46.82,46.89,46.9,46.91,300,400,500,700,1300,600,46.85
618,630,BRALPAACNPR7BR00,ALPA4,1622220097796478,46.83,46.82,46.81,46.88,46.89,46.9,200,400,500,500,1100,1000,46.85
619,630,BRALPAACNPR7BR00,ALPA4,1622220097797959,46.83,46.82,46.81,46.88,46.89,46.9,200,300,500,900,1000,1000,46.85
620,630,BRALPAACNPR7BR00,ALPA4,1622220098227849,46.82,46.81,46.8,46.87,46.88,46.89,300,300,1400,100,1200,800,46.85
621,630,BRALPAACNPR7BR00,ALPA4,1622220098229133,46.82,46.81,46.8,46.87,46.88,46.89,300,300,1400,400,600,800,46.85
622,630,BRALPAACNPR7BR00,ALPA4,1622220111858162,46.81,46.8,46.79,46.82,46.87,46.88,500,1500,500,100,1100,500,46.82
623,630,BRALPAACNPR7BR00,ALPA4,1622220111860096,46.81,46.8,46.79,46.82,46.84,46.85,300,200,100,100,100,100,46.82
624,630,BRALPAACNPR7BR00,ALPA4,1622220111860153,46.81,46.8,46.79,46.82,46.84,46.85,200,200,100,100,100,100,46.82
625,630,BRALPAACNPR7BR00,ALPA4,1622220111861405,46.81,46.8,46.79,46.83,46.85,46.86,200,100,100,100,100,500,46.82
626,630,BRALPAACNPR7BR00,ALPA4,1622220117099032,46.8,46.78,46.77,46.82,46.83,46.85,100,100,100,1000,300,100,46.81
627,630,BRALPAACNPR7BR00,ALPA4,1622220117100672,46.8,46.78,46.77,46.82,46.83,46.85,100,100,100,1100,200,100,46.81
628,630,BRALPAACNPR7BR00,ALPA4,1622220144905436,46.79,46.78,46.77,46.8,46.82,46.83,1000,800,200,200,2300,200,46.8
629,630,BRALPAACNPR7BR00,ALPA4,1622220144906800,46.79,46.78,46.77,46.8,46.81,46.82,1000,800,200,200,100,2200,46.8
630,630,BRALPAACNPR7BR00,ALPA4,1622220144907357,46.79,46.78,46.77,46.81,46.82,46.83,1000,800,200,100,2200,200,46.8
631,630,BRALPAACNPR7BR00,ALPA4,1622220144908509,46.79,46.78,46.77,46.82,46.83,46.85,1000,800,200,2300,200,100,46.8
632,630,BRALPAACNPR7BR00,ALPA4,1622220144910675,46.79,46.78,46.77,46.8,46.82,46.83,1000,800,200,100,2200,200,46.8
633,630,BRALPAACNPR7BR00,ALPA4,1622220144911908,46.79,46.78,46.77,46.8,46.81,46.82,1000,800,200,100,100,2100,46.8
634,630,BRALPAACNPR7BR00,ALPA4,1622220144972939,46.79,46.78,46.77,46.82,46.83,46.85,1000,800,200,2100,200,100,46.81
635,630,BRALPAACNPR7BR00,ALPA4,1622220144973176,46.79,46.78,46.77,46.82,46.83,46.85,1000,800,200,2100,200,100,46.81
636,630,BRALPAACNPR7BR00,ALPA4,1622220144973881,46.79,46.78,46.77,46.82,46.83,46.85,1100,800,200,2100,200,100,46.81
637,630,BRALPAACNPR7BR00,ALPA4,1622220144975289,46.79,46.78,46.77,46.82,46.83,46.85,1100,800,200,2200,200,100,46.81
638,630,BRALPAACNPR7BR00,ALPA4,1622220145065161,46.79,46.78,46.77,46.8,46.82,46.83,1100,800,200,200,2000,200,46.81
639,630,BRALPAACNPR7BR00,ALPA4,1622220145066597,46.79,46.78,46.77,46.81,46.82,46.83,1100,800,200,100,1900,200,46.8
640,630,BRALPAACNPR7BR00,ALPA4,1622220145067745,46.79,46.78,46.77,46.82,46.83,46.85,1100,800,200,1900,200,100,46.81
641,630,BRALPAACNPR7BR00,ALPA4,1622220145067989,46.79,46.78,46.77,46.82,46.83,46.85,1100,800,200,1900,200,100,46.81
642,790,BRALSOACNOR5BR00,ALSO3,1622220023502961,30.03,30.02,30.01,30.05,30.06,30.07,1200,100,500,300,700,600,30.05
643,790,BRALSOACNOR5BR00,ALSO3,1622220023502987,30.03,30.02,30.01,30.05,30.06,30.07,1200,100,500,300,700,600,30.05
644,790,BRALSOACNOR5BR00,ALSO3,1622220023504148,30.03,30.02,30.01,30.05,30.06,30.07,1200,100,500,400,700,600,30.05
645,790,BRALSOACNOR5BR00,ALSO3,1622220023504161,30.03,30.02,30.01,30.05,30.06,30.07,1200,100,500,400,700,600,30.05
646,790,BRALSOACNOR5BR00,ALSO3,1622220024413833,30.03,30.02,30.01,30.05,30.06,30.07,1200,100,800,400,700,600,30.05
647,790,BRALSOACNOR5BR00,ALSO3,1622220024415091,30.03,30.02,30.01,30.04,30.05,30.06,1200,100,800,100,400,700,30.05
648,790,BRALSOACNOR5BR00,ALSO3,1622220054548409,30.03,30.02,30.01,30.05,30.06,30.07,1200,300,900,800,500,900,30.04
649,790,BRALSOACNOR5BR00,ALSO3,1622220054549137,30.03,30.02,30.01,30.05,30.06,30.07,1200,400,900,800,500,900,30.04
650,790,BRALSOACNOR5BR00,ALSO3,1622220054550342,30.03,30.02,30.01,30.04,30.05,30.06,1200,400,1100,100,800,500,30.04
651,790,BRALSOACNOR5BR00,ALSO3,1622220055800443,30.03,30.02,30.01,30.05,30.06,30.07,1400,400,1100,800,200,600,30.04
652,790,BRALSOACNOR5BR00,ALSO3,1622220055801092,30.04,30.03,30.02,30.05,30.06,30.07,100,1400,400,800,200,600,30.04
653,790,BRALSOACNOR5BR00,ALSO3,1622220055802419,30.04,30.03,30.02,30.05,30.06,30.07,300,1200,400,900,200,600,30.04
654,790,BRALSOACNOR5BR00,ALSO3,1622220060309812,30.03,30.02,30.01,30.05,30.06,30.07,1300,500,1100,900,100,600,30.04
655,790,BRALSOACNOR5BR00,ALSO3,1622220060311111,30.03,30.02,30.01,30.04,30.05,30.06,1000,500,1100,100,800,400,30.04
656,790,BRALSOACNOR5BR00,ALSO3,1622220078604467,30.02,30.01,30.0,30.04,30.05,30.06,300,800,2900,400,4100,500,30.03
657,790,BRALSOACNOR5BR00,ALSO3,1622220078605897,30.02,30.01,30.0,30.03,30.04,30.05,100,500,1900,100,500,4100,30.03
658,790,BRALSOACNOR5BR00,ALSO3,1622220078737573,30.03,30.01,30.0,30.04,30.05,30.06,100,400,1800,400,4100,700,30.03
659,790,BRALSOACNOR5BR00,ALSO3,1622220078737842,30.03,30.01,30.0,30.04,30.05,30.06,100,400,1500,400,4100,700,30.03
660,790,BRALSOACNOR5BR00,ALSO3,1622220078738487,30.03,30.02,30.01,30.04,30.05,30.06,100,100,400,400,4100,700,30.03
661,790,BRALSOACNOR5BR00,ALSO3,1622220078739839,30.02,30.01,30.0,30.04,30.05,30.06,100,800,1500,400,4100,700,30.03
662,790,BRALSOACNOR5BR00,ALSO3,1622220078739962,30.02,30.01,30.0,30.04,30.05,30.06,100,900,1500,400,4100,700,30.03
663,790,BRALSOACNOR5BR00,ALSO3,1622220078741196,30.02,30.01,30.0,30.03,30.04,30.05,100,600,1500,100,200,4100,30.03
664,790,BRALSOACNOR5BR00,ALSO3,1622220079098910,30.02,30.01,30.0,30.03,30.04,30.05,400,900,1500,200,100,4100,30.03
665,790,BRALSOACNOR5BR00,ALSO3,1622220079100245,30.02,30.01,30.0,30.03,30.04,30.05,400,900,1500,100,200,4100,30.03
666,790,BRALSOACNOR5BR00,ALSO3,1622220082640634,30.02,30.01,30.0,30.04,30.05,30.06,500,500,1500,500,4100,500,30.03
667,790,BRALSOACNOR5BR00,ALSO3,1622220082642681,30.02,30.01,30.0,30.03,30.04,30.05,400,500,1500,100,400,4100,30.03
668,790,BRALSOACNOR5BR00,ALSO3,1622220118880150,30.02,30.01,30.0,30.05,30.06,30.07,1400,800,500,4100,600,900,30.03
669,790,BRALSOACNOR5BR00,ALSO3,1622220118881933,30.02,30.01,30.0,30.05,30.06,30.07,1400,800,500,3800,600,900,30.03
670,790,BRALSOACNOR5BR00,ALSO3,1622220118882138,30.02,30.01,30.0,30.05,30.06,30.07,1400,800,500,3800,500,900,30.03
671,790,BRALSOACNOR5BR00,ALSO3,1622220118883812,30.03,30.02,30.01,30.04,30.05,30.06,200,1500,1100,100,3800,500,30.03
672,790,BRALSOACNOR5BR00,ALSO3,1622220119229511,30.03,30.02,30.01,30.05,30.06,30.07,200,1100,800,4100,500,600,30.04
673,790,BRALSOACNOR5BR00,ALSO3,1622220119229997,30.03,30.02,30.01,30.05,30.06,30.07,200,1100,800,3800,500,600,30.04
674,790,BRALSOACNOR5BR00,ALSO3,1622220119231321,30.03,30.02,30.01,30.04,30.05,30.06,300,1100,800,100,3800,500,30.04
675,790,BRALSOACNOR5BR00,ALSO3,1622220120734544,30.03,30.02,30.01,30.05,30.06,30.07,500,800,900,4100,500,600,30.04
676,790,BRALSOACNOR5BR00,ALSO3,1622220120735011,30.03,30.02,30.01,30.05,30.06,30.07,500,800,900,3800,500,600,30.04
677,790,BRALSOACNOR5BR00,ALSO3,1622220120736171,30.03,30.02,30.01,30.04,30.05,30.06,500,1100,900,100,3800,500,30.04
678,790,BRALSOACNOR5BR00,ALSO3,1622220182145020,30.03,30.02,30.01,30.04,30.05,30.06,800,600,1000,200,3900,200,30.04
679,790,BRALSOACNOR5BR00,ALSO3,1622220182145584,30.03,30.02,30.01,30.04,30.05,30.06,800,600,1000,200,3900,100,30.04
680,790,BRALSOACNOR5BR00,ALSO3,1622220182147777,30.03,30.02,30.01,30.04,30.05,30.06,700,600,1000,300,3900,100,30.04
681,790,BRALSOACNOR5BR00,ALSO3,1622220183022437,30.03,30.02,30.01,30.05,30.06,30.07,700,600,1000,3900,400,700,30.04
682,790,BRALSOACNOR5BR00,ALSO3,1622220183023190,30.04,30.03,30.02,30.05,30.06,30.07,100,700,600,3900,400,700,30.04
683,790,BRALSOACNOR5BR00,ALSO3,1622220183024737,30.03,30.02,30.01,30.05,30.06,30.07,700,600,1000,4000,400,700,30.04
684,790,BRALSOACNOR5BR00,ALSO3,1622220183025146,30.03,30.02,30.01,30.05,30.06,30.07,600,600,1000,4000,400,700,30.04
685,790,BRALSOACNOR5BR00,ALSO3,1622220183026258,30.03,30.02,30.01,30.04,30.05,30.06,600,600,1000,100,3900,400,30.04
686,790,BRALSOACNOR5BR00,ALSO3,1622220194968493,30.02,30.01,30.0,30.04,30.05,30.06,300,800,1900,200,4200,500,30.03
687,790,BRALSOACNOR5BR00,ALSO3,1622220194970118,30.02,30.01,30.0,30.03,30.04,30.05,200,800,1900,100,200,4200,30.03
688,790,BRALSOACNOR5BR00,ALSO3,1622220195094975,30.02,30.01,30.0,30.04,30.05,30.06,300,700,800,200,4200,700,30.03
689,790,BRALSOACNOR5BR00,ALSO3,1622220195098661,30.02,30.01,30.0,30.04,30.05,30.06,300,900,800,200,4200,700,30.03
690,790,BRALSOACNOR5BR00,ALSO3,1622220195099993,30.02,30.01,30.0,30.03,30.04,30.05,400,900,800,100,200,4200,30.03
691,790,BRALSOACNOR5BR00,ALSO3,1622220195111839,30.02,30.01,30.0,30.03,30.04,30.05,400,900,800,100,200,3900,30.03
692,790,BRALSOACNOR5BR00,ALSO3,1622220195113078,30.02,30.01,30.0,30.04,30.05,30.06,400,900,800,200,3900,500,30.03
693,790,BRALSOACNOR5BR00,ALSO3,1622220195113349,30.02,30.01,30.0,30.04,30.05,30.06,400,900,800,200,3900,500,30.03
694,790,BRALSOACNOR5BR00,ALSO3,1622220195114623,30.02,30.01,30.0,30.04,30.05,30.06,500,900,800,200,3900,500,30.03
695,790,BRALSOACNOR5BR00,ALSO3,1622220200652555,30.02,30.01,30.0,30.03,30.04,30.05,700,800,1700,700,200,3900,30.03
696,790,BRALSOACNOR5BR00,ALSO3,1622220200654274,30.02,30.01,30.0,30.03,30.04,30.05,600,800,1700,100,100,3900,30.03
697,790,BRALSOACNOR5BR00,ALSO3,1622220200930329,30.02,30.01,30.0,30.03,30.05,30.06,600,800,1700,200,3900,500,30.03
698,790,BRALSOACNOR5BR00,ALSO3,1622220200931524,30.02,30.01,30.0,30.03,30.04,30.05,600,800,1700,100,100,3900,30.03
699,790,BRALSOACNOR5BR00,ALSO3,1622220205513783,30.02,30.01,30.0,30.03,30.04,30.05,800,800,1700,1000,200,3900,30.03
700,790,BRALSOACNOR5BR00,ALSO3,1622220205514975,30.02,30.01,30.0,30.03,30.04,30.05,800,800,1700,1100,100,3900,30.03
701,790,BRALSOACNOR5BR00,ALSO3,1622220218934639,30.02,30.01,30.0,30.03,30.04,30.05,600,900,1900,100,100,3800,30.02
702,790,BRALSOACNOR5BR00,ALSO3,1622220218936026,30.02,30.01,30.0,30.04,30.05,30.06,600,800,1000,200,4100,500,30.02
703,790,BRALSOACNOR5BR00,ALSO3,1622220219255210,30.02,30.01,30.0,30.05,30.06,30.07,400,800,800,4100,500,900,30.04
704,790,BRALSOACNOR5BR00,ALSO3,1622220219255879,30.02,30.01,30.0,30.05,30.06,30.07,500,800,800,4100,500,900,30.04
705,790,BRALSOACNOR5BR00,ALSO3,1622220219257285,30.02,30.01,30.0,30.04,30.05,30.06,700,800,800,100,3800,500,30.04
706,790,BRALSOACNOR5BR00,ALSO3,1622220219761254,30.02,30.01,30.0,30.05,30.06,30.07,900,900,1600,3800,500,900,30.04
707,790,BRALSOACNOR5BR00,ALSO3,1622220219761855,30.03,30.02,30.01,30.05,30.06,30.07,100,900,900,3800,500,900,30.04
708,790,BRALSOACNOR5BR00,ALSO3,1622220219763125,30.03,30.02,30.01,30.04,30.05,30.06,200,900,900,100,3800,500,30.04
709,790,BRALSOACNOR5BR00,ALSO3,1622220245536234,30.02,30.01,30.0,30.04,30.05,30.06,200,600,2000,600,4200,500,30.03
710,790,BRALSOACNOR5BR00,ALSO3,1622220245537553,30.02,30.01,30.0,30.03,30.04,30.05,200,500,1000,100,500,4200,30.03
711,790,BRALSOACNOR5BR00,ALSO3,1622220255853418,30.01,30.0,29.99,30.03,30.04,30.05,400,700,2300,500,500,4100,30.02
712,790,BRALSOACNOR5BR00,ALSO3,1622220255854776,30.01,30.0,29.99,30.02,30.03,30.04,400,600,2600,100,400,500,30.02
713,790,BRALSOACNOR5BR00,ALSO3,1622220255981336,30.02,30.01,30.0,30.03,30.04,30.05,100,400,300,400,500,4100,30.02
714,790,BRALSOACNOR5BR00,ALSO3,1622220255981591,30.02,30.01,30.0,30.03,30.04,30.05,100,400,300,400,500,4100,30.02
715,790,BRALSOACNOR5BR00,ALSO3,1622220255983677,30.02,30.01,30.0,30.03,30.04,30.05,100,400,300,400,500,4100,30.02
716,790,BRALSOACNOR5BR00,ALSO3,1622220255984858,30.02,30.01,30.0,30.03,30.04,30.05,100,400,300,500,500,4100,30.02
717,790,BRALSOACNOR5BR00,ALSO3,1622220255985671,30.01,30.0,29.99,30.03,30.04,30.05,400,300,1300,500,500,4100,30.02
718,790,BRALSOACNOR5BR00,ALSO3,1622220255986862,30.01,30.0,29.99,30.02,30.03,30.04,400,300,1300,100,400,500,30.02
719,790,BRALSOACNOR5BR00,ALSO3,1622220257542583,29.99,29.98,29.97,30.0,30.02,30.03,1200,1400,6100,4100,400,200,30.0
720,790,BRALSOACNOR5BR00,ALSO3,1622220257544302,29.99,29.98,29.97,30.0,30.02,30.03,500,1000,6400,4200,500,700,30.0
721,790,BRALSOACNOR5BR00,ALSO3,1622220257679487,29.99,29.98,29.97,30.02,30.03,30.04,400,1000,6400,500,700,500,30.0
722,790,BRALSOACNOR5BR00,ALSO3,1622220257679940,29.99,29.98,29.97,30.02,30.03,30.04,400,1000,6400,500,700,500,30.0
723,790,BRALSOACNOR5BR00,ALSO3,1622220257680183,29.99,29.98,29.97,30.02,30.03,30.04,400,1000,6400,500,500,500,30.0
724,790,BRALSOACNOR5BR00,ALSO3,1622220257681772,30.0,29.99,29.98,30.01,30.02,30.03,300,600,1200,100,400,200,30.0
725,790,BRALSOACNOR5BR00,ALSO3,1622220257683214,30.0,29.99,29.98,30.02,30.03,30.04,300,600,1300,400,200,500,30.01
726,790,BRALSOACNOR5BR00,ALSO3,1622220257683269,30.0,29.99,29.98,30.02,30.03,30.04,300,600,1300,400,200,200,30.01
727,790,BRALSOACNOR5BR00,ALSO3,1622220257685175,30.0,29.99,29.98,30.01,30.02,30.03,300,700,1500,100,300,200,30.01
728,790,BRALSOACNOR5BR00,ALSO3,1622220258046541,30.0,29.99,29.98,30.02,30.03,30.04,200,700,1700,200,500,500,30.01
729,1029,BRALUPCDAM15BR00,ALUP11,1622220023095868,27.16,27.15,27.14,27.17,27.18,27.19,1300,1000,1400,600,900,1100,27.16
730,1029,BRALUPCDAM15BR00,ALUP11,1622220023097387,27.16,27.15,27.14,27.17,27.18,27.19,1400,1000,1400,600,900,1100,27.16
731,1029,BRALUPCDAM15BR00,ALUP11,1622220025090280,27.15,27.14,27.13,27.16,27.17,27.18,1000,1300,800,200,1100,900,27.16
732,1029,BRALUPCDAM15BR00,ALUP11,1622220025090446,27.15,27.14,27.13,27.16,27.17,27.18,1000,1300,800,400,1300,900,27.16
733,1029,BRALUPCDAM15BR00,ALUP11,1622220025091043,27.15,27.14,27.13,27.16,27.17,27.18,700,1300,800,400,1300,900,27.15
734,1029,BRALUPCDAM15BR00,ALUP11,1622220025092511,27.15,27.14,27.13,27.16,27.17,27.18,800,500,1200,900,1500,900,27.15
735,1029,BRALUPCDAM15BR00,ALUP11,1622220034208696,27.16,27.15,27.14,27.17,27.18,27.19,700,1300,1000,800,1000,1000,27.16
736,1029,BRALUPCDAM15BR00,ALUP11,1622220034210152,27.16,27.15,27.14,27.17,27.18,27.19,800,1200,1000,200,900,1000,27.16
737,1029,BRALUPCDAM15BR00,ALUP11,1622220063454305,27.16,27.15,27.14,27.17,27.18,27.19,700,400,1500,800,900,1100,27.16
738,1029,BRALUPCDAM15BR00,ALUP11,1622220063454887,27.16,27.15,27.14,27.17,27.18,27.19,700,400,1500,800,900,1100,27.16
739,1029,BRALUPCDAM15BR00,ALUP11,1622220063456145,27.16,27.15,27.14,27.17,27.18,27.19,800,400,1500,1100,900,1100,27.16
740,1029,BRALUPCDAM15BR00,ALUP11,1622220093792467,27.16,27.15,27.14,27.17,27.18,27.19,600,800,1400,1200,900,1100,27.16
741,1029,BRALUPCDAM15BR00,ALUP11,1622220093792937,27.16,27.15,27.14,27.17,27.18,27.19,600,400,1400,1200,900,1100,27.16
742,1029,BRALUPCDAM15BR00,ALUP11,1622220093794161,27.16,27.15,27.14,27.17,27.18,27.19,700,400,1400,1200,900,1100,27.16
743,1029,BRALUPCDAM15BR00,ALUP11,1622220120071002,27.15,27.14,27.13,27.17,27.18,27.19,400,1400,900,2000,900,1100,27.16
744,1029,BRALUPCDAM15BR00,ALUP11,1622220120071820,27.15,27.14,27.13,27.16,27.17,27.18,400,1400,900,100,2000,900,27.16
745,1029,BRALUPCDAM15BR00,ALUP11,1622220120073165,27.15,27.14,27.13,27.16,27.17,27.18,500,1400,900,300,2000,900,27.16
746,1029,BRALUPCDAM15BR00,ALUP11,1622220120581225,27.14,27.13,27.12,27.16,27.17,27.18,1400,900,6300,400,1700,900,27.15
747,1029,BRALUPCDAM15BR00,ALUP11,1622220120581563,27.14,27.13,27.12,27.16,27.17,27.18,1400,900,6300,500,1000,900,27.15
748,1029,BRALUPCDAM15BR00,ALUP11,1622220120582036,27.14,27.13,27.12,27.16,27.17,27.18,1000,900,6300,500,1000,900,27.15
749,1029,BRALUPCDAM15BR00,ALUP11,1622220120583448,27.14,27.13,27.12,27.16,27.17,27.18,700,1300,6300,500,1000,900,27.15
750,1029,BRALUPCDAM15BR00,ALUP11,1622220120681370,27.15,27.14,27.13,27.16,27.17,27.18,100,700,1300,500,1000,900,27.15
751,1029,BRALUPCDAM15BR00,ALUP11,1622220120682802,27.15,27.14,27.13,27.16,27.17,27.18,200,600,1300,500,1000,900,27.15
752,1029,BRALUPCDAM15BR00,ALUP11,1622220121085130,27.14,27.13,27.12,27.16,27.17,27.18,1000,1300,6300,600,900,900,27.15
753,1029,BRALUPCDAM15BR00,ALUP11,1622220121085603,27.14,27.13,27.12,27.16,27.17,27.18,1000,1300,6300,600,900,900,27.15
754,1029,BRALUPCDAM15BR00,ALUP11,1622220121086211,27.14,27.13,27.12,27.16,27.17,27.18,1000,1300,6300,900,900,900,27.15
755,1029,BRALUPCDAM15BR00,ALUP11,1622220121087683,27.14,27.13,27.12,27.16,27.17,27.18,700,1300,6300,900,1000,900,27.15
756,1029,BRALUPCDAM15BR00,ALUP11,1622220170731675,27.14,27.13,27.12,27.15,27.16,27.17,700,1400,3600,900,200,600,27.14
757,1029,BRALUPCDAM15BR00,ALUP11,1622220170733149,27.14,27.13,27.12,27.15,27.16,27.17,600,1400,3000,800,200,600,27.15
758,1029,BRALUPCDAM15BR00,ALUP11,1622220170733386,27.14,27.13,27.12,27.15,27.16,27.17,600,1400,3000,800,200,600,27.15
759,1100,BRANIMACNOR6BR00,ANIM3,1622220023796610,12.67,12.66,12.65,12.68,12.69,12.7,2400,1300,4700,2600,1300,4800,12.68
760,1100,BRANIMACNOR6BR00,ANIM3,1622220023796639,12.67,12.66,12.65,12.68,12.69,12.7,2400,1300,4700,2600,1300,4800,12.68
761,1100,BRANIMACNOR6BR00,ANIM3,1622220025796873,12.67,12.66,12.65,12.68,12.69,12.7,2400,1300,5300,2600,1300,4800,12.68
762,1100,BRANIMACNOR6BR00,ANIM3,1622220025798498,12.67,12.66,12.65,12.68,12.69,12.7,2500,1300,5300,2600,1300,4800,12.68
763,1100,BRANIMACNOR6BR00,ANIM3,1622220121959382,12.67,12.66,12.65,12.69,12.7,12.71,5000,2100,4700,500,7600,4200,12.68
764,1100,BRANIMACNOR6BR00,ANIM3,1622220121960941,12.68,12.67,12.66,12.69,12.7,12.71,500,5600,2200,500,7600,3400,12.67
765,1100,BRANIMACNOR6BR00,ANIM3,1622220122464092,12.68,12.67,12.66,12.7,12.71,12.72,3100,3700,1600,5200,5900,4100,12.69
766,1100,BRANIMACNOR6BR00,ANIM3,1622220122465336,12.68,12.67,12.66,12.7,12.71,12.72,3000,3700,1600,5200,5900,4100,12.69
767,1100,BRANIMACNOR6BR00,ANIM3,1622220122465532,12.68,12.67,12.66,12.7,12.71,12.72,3000,3700,1600,5200,5900,4100,12.69
768,1100,BRANIMACNOR6BR00,ANIM3,1622220122465977,12.68,12.67,12.66,12.7,12.71,12.72,3000,3700,1600,5200,5500,4100,12.69
769,1100,BRANIMACNOR6BR00,ANIM3,1622220122467451,12.68,12.67,12.66,12.69,12.7,12.71,3000,3700,2000,900,5200,4000,12.69
770,1100,BRANIMACNOR6BR00,ANIM3,1622220122467612,12.68,12.67,12.66,12.69,12.7,12.71,3000,3700,2000,900,5200,4000,12.69
771,1100,BRANIMACNOR6BR00,ANIM3,1622220122469096,12.68,12.67,12.66,12.69,12.7,12.71,3100,3600,2000,900,5200,4000,12.69
772,1100,BRANIMACNOR6BR00,ANIM3,1622220122470253,12.68,12.67,12.66,12.69,12.7,12.71,3200,3600,2000,900,5200,4000,12.69
773,1100,BRANIMACNOR6BR00,ANIM3,1622220122967697,12.68,12.67,12.66,12.7,12.71,12.72,3300,3500,1600,5200,4000,6000,12.69
774,1100,BRANIMACNOR6BR00,ANIM3,1622220122969623,12.68,12.67,12.66,12.7,12.71,12.72,3500,2000,1600,5200,3600,5200,12.69
775,1100,BRANIMACNOR6BR00,ANIM3,1622220122970055,12.68,12.67,12.66,12.7,12.71,12.72,3500,2000,2000,5200,3600,5200,12.69
776,1100,BRANIMACNOR6BR00,ANIM3,1622220122970502,12.68,12.67,12.66,12.69,12.7,12.71,3500,2000,2000,100,5200,3600,12.69
777,1100,BRANIMACNOR6BR00,ANIM3,1622220122971936,12.68,12.67,12.66,12.69,12.7,12.71,3700,2100,2000,600,5200,4000,12.69
778,1100,BRANIMACNOR6BR00,ANIM3,1622220123475007,12.68,12.67,12.66,12.7,12.71,12.72,3700,2100,1500,5200,5900,4100,12.69
779,1100,BRANIMACNOR6BR00,ANIM3,1622220123476340,12.69,12.68,12.67,12.7,12.71,12.72,100,3600,2100,5200,5900,4100,12.69
780,1100,BRANIMACNOR6BR00,ANIM3,1622220123477946,12.68,12.67,12.66,12.7,12.71,12.72,3500,2100,3400,5200,3600,5200,12.69
781,1100,BRANIMACNOR6BR00,ANIM3,1622220123479028,12.68,12.67,12.66,12.7,12.71,12.72,3500,2100,3400,5200,3600,6000,12.69
782,1100,BRANIMACNOR6BR00,ANIM3,1622220123480379,12.68,12.67,12.66,12.7,12.71,12.72,3500,2100,3400,5200,3600,6000,12.69
783,1100,BRANIMACNOR6BR00,ANIM3,1622220123480626,12.68,12.67,12.66,12.69,12.7,12.71,3500,2100,3400,500,5200,3600,12.69
784,1100,BRANIMACNOR6BR00,ANIM3,1622220123480693,12.68,12.67,12.66,12.69,12.7,12.71,3600,2100,3400,500,5200,3600,12.69
785,1100,BRANIMACNOR6BR00,ANIM3,1622220123481174,12.68,12.67,12.66,12.69,12.7,12.71,3600,2100,3400,600,5200,3600,12.69
786,1100,BRANIMACNOR6BR00,ANIM3,1622220123482618,12.68,12.67,12.66,12.69,12.7,12.71,3300,2100,3400,1000,6900,3000,12.69
787,1100,BRANIMACNOR6BR00,ANIM3,1622220155281461,12.68,12.67,12.66,12.69,12.7,12.71,3600,1900,3300,2800,5900,3100,12.69
788,1100,BRANIMACNOR6BR00,ANIM3,1622220155282880,12.68,12.67,12.66,12.69,12.7,12.71,3500,1900,3300,2700,5900,3100,12.69
789,1100,BRANIMACNOR6BR00,ANIM3,1622220155283120,12.68,12.67,12.66,12.69,12.7,12.71,3500,1900,3300,2700,5900,3100,12.69
790,1100,BRANIMACNOR6BR00,ANIM3,1622220160433436,12.68,12.67,12.66,12.69,12.7,12.71,3500,1900,3300,2600,5900,3100,12.69
791,1100,BRANIMACNOR6BR00,ANIM3,1622220160434795,12.68,12.67,12.66,12.69,12.7,12.71,3500,1900,3300,2500,4200,3100,12.69
792,1100,BRANIMACNOR6BR00,ANIM3,1622220160435035,12.68,12.67,12.66,12.69,12.7,12.71,3500,1900,3300,2500,4200,3100,12.69
793,1100,BRANIMACNOR6BR00,ANIM3,1622220160435485,12.68,12.67,12.66,12.69,12.7,12.71,3500,1900,3300,2500,4200,3500,12.69
794,1100,BRANIMACNOR6BR00,ANIM3,1622220160436672,12.68,12.67,12.66,12.69,12.7,12.71,3500,1900,3300,2400,4200,3500,12.69
795,1100,BRANIMACNOR6BR00,ANIM3,1622220160436875,12.68,12.67,12.66,12.69,12.7,12.71,3500,1900,3300,2400,4200,3500,12.69
796,1100,BRANIMACNOR6BR00,ANIM3,1622220160437521,12.68,12.67,12.66,12.69,12.7,12.71,3500,1900,3300,2800,4200,3500,12.69
797,1100,BRANIMACNOR6BR00,ANIM3,1622220160438712,12.68,12.67,12.66,12.69,12.7,12.71,3500,1900,3300,2700,4200,3500,12.69
798,1100,BRANIMACNOR6BR00,ANIM3,1622220160438955,12.68,12.67,12.66,12.69,12.7,12.71,3500,1900,3300,2700,4200,3500,12.69
799,1100,BRANIMACNOR6BR00,ANIM3,1622220160581701,12.67,12.66,12.65,12.69,12.7,12.71,1900,3300,5800,2700,4200,3500,12.68
800,1100,BRANIMACNOR6BR00,ANIM3,1622220160583364,12.67,12.66,12.65,12.68,12.69,12.7,400,3300,5000,400,2800,4800,12.68
801,1100,BRANIMACNOR6BR00,ANIM3,1622220160583566,12.67,12.66,12.65,12.68,12.69,12.7,400,3300,5000,400,2800,4800,12.68
802,1391,BRAZULACNPR4BR00,AZUL4,1622220023099188,42.66,42.65,42.64,42.68,42.69,42.7,2500,27700,3600,300,700,6100,42.68
803,1391,BRAZULACNPR4BR00,AZUL4,1622220023100863,42.67,42.66,42.65,42.68,42.69,42.7,100,2300,27700,300,700,6300,42.68
804,1391,BRAZULACNPR4BR00,AZUL4,1622220023103010,42.66,42.65,42.64,42.68,42.69,42.7,2300,27700,3600,300,700,6300,42.67
805,1391,BRAZULACNPR4BR00,AZUL4,1622220023140194,42.66,42.65,42.64,42.68,42.69,42.7,2300,27700,3600,300,700,5400,42.67
806,1391,BRAZULACNPR4BR00,AZUL4,1622220023142172,42.67,42.66,42.65,42.68,42.69,42.7,100,2300,27700,300,700,5400,42.67
807,1391,BRAZULACNPR4BR00,AZUL4,1622220023143224,42.67,42.66,42.65,42.69,42.7,42.71,400,2300,27700,700,5400,1800,42.67
808,1391,BRAZULACNPR4BR00,AZUL4,1622220023146084,42.68,42.67,42.66,42.69,42.7,42.71,100,300,2500,700,5400,1800,42.67
809,1391,BRAZULACNPR4BR00,AZUL4,1622220023209269,42.67,42.66,42.65,42.69,42.7,42.71,300,2600,27600,700,6100,1600,42.68
810,1391,BRAZULACNPR4BR00,AZUL4,1622220023210333,42.67,42.66,42.65,42.69,42.7,42.71,300,2500,27600,700,6100,1600,42.68
811,1391,BRAZULACNPR4BR00,AZUL4,1622220023211712,42.68,42.66,42.65,42.69,42.7,42.71,100,2500,27600,700,6100,1600,42.68
812,1391,BRAZULACNPR4BR00,AZUL4,1622220023211927,42.68,42.66,42.65,42.69,42.7,42.71,100,2500,27700,700,6100,1600,42.68
813,1391,BRAZULACNPR4BR00,AZUL4,1622220023212881,42.66,42.65,42.64,42.69,42.7,42.71,2600,27600,3600,700,6100,1600,42.68
814,1391,BRAZULACNPR4BR00,AZUL4,1622220023213724,42.66,42.65,42.64,42.69,42.7,42.71,2800,27600,3600,700,6100,1600,42.68
815,1391,BRAZULACNPR4BR00,AZUL4,1622220023215003,42.67,42.66,42.65,42.69,42.7,42.71,100,2700,27600,700,6100,1600,42.68
816,1391,BRAZULACNPR4BR00,AZUL4,1622220023462122,42.66,42.65,42.64,42.69,42.7,42.71,2700,27700,3600,700,6100,1600,42.67
817,1391,BRAZULACNPR4BR00,AZUL4,1622220023477395,42.66,42.65,42.64,42.69,42.7,42.71,2600,27700,3600,700,6100,1600,42.66
818,1391,BRAZULACNPR4BR00,AZUL4,1622220023477415,42.66,42.65,42.64,42.69,42.7,42.71,2600,27700,3600,700,6100,1600,42.66
819,1391,BRAZULACNPR4BR00,AZUL4,1622220023478108,42.66,42.65,42.64,42.69,42.7,42.71,2400,27700,3600,700,6100,1600,42.66
820,1391,BRAZULACNPR4BR00,AZUL4,1622220023478136,42.66,42.65,42.64,42.69,42.7,42.71,2400,27700,3600,700,6100,1600,42.66
821,1391,BRAZULACNPR4BR00,AZUL4,1622220023478226,42.66,42.65,42.64,42.69,42.7,42.71,2400,27700,3600,1000,6100,1600,42.66
822,1391,BRAZULACNPR4BR00,AZUL4,1622220023478258,42.66,42.65,42.64,42.69,42.7,42.71,2400,27700,3600,1000,6100,1600,42.66
823,1391,BRAZULACNPR4BR00,AZUL4,1622220023478297,42.66,42.65,42.64,42.69,42.7,42.71,2400,27700,3600,1000,6300,1600,42.66
824,1391,BRAZULACNPR4BR00,AZUL4,1622220023478323,42.66,42.65,42.64,42.69,42.7,42.71,2400,27700,3600,1000,6300,1600,42.66
825,1391,BRAZULACNPR4BR00,AZUL4,1622220023479126,42.66,42.65,42.64,42.68,42.69,42.7,2400,27700,3600,100,1000,6300,42.66
826,1391,BRAZULACNPR4BR00,AZUL4,1622220023479152,42.66,42.65,42.64,42.68,42.69,42.7,2400,27700,3600,100,1000,6300,42.66
827,1391,BRAZULACNPR4BR00,AZUL4,1622220023479242,42.66,42.65,42.64,42.68,42.69,42.7,2400,27700,3600,100,1100,6300,42.66
828,1391,BRAZULACNPR4BR00,AZUL4,1622220023479276,42.66,42.65,42.64,42.68,42.69,42.7,2400,27700,3600,100,1100,6300,42.66
829,1391,BRAZULACNPR4BR00,AZUL4,1622220023479288,42.66,42.65,42.64,42.68,42.69,42.7,2400,27700,3600,100,1100,6300,42.66
830,1391,BRAZULACNPR4BR00,AZUL4,1622220023479304,42.66,42.65,42.64,42.68,42.69,42.7,2400,27700,3600,100,1100,6300,42.66
831,1391,BRAZULACNPR4BR00,AZUL4,1622220023479856,42.66,42.65,42.64,42.68,42.69,42.7,2400,27700,3500,100,1100,6300,42.66
832,1391,BRAZULACNPR4BR00,AZUL4,1622220023479883,42.66,42.65,42.64,42.68,42.69,42.7,2400,27700,3500,100,1100,6300,42.66
833,1391,BRAZULACNPR4BR00,AZUL4,1622220023480223,42.66,42.65,42.64,42.68,42.69,42.7,2400,27700,3000,100,1100,6300,42.66
834,1391,BRAZULACNPR4BR00,AZUL4,1622220023480248,42.66,42.65,42.64,42.68,42.69,42.7,2400,27700,3000,100,1100,6300,42.66
835,1391,BRAZULACNPR4BR00,AZUL4,1622220023480522,42.66,42.65,42.64,42.68,42.69,42.7,2400,27700,3000,100,1000,6300,42.66
836,1391,BRAZULACNPR4BR00,AZUL4,1622220023480564,42.66,42.65,42.64,42.68,42.69,42.7,2400,27700,3000,100,1000,6300,42.66
837,1391,BRAZULACNPR4BR00,AZUL4,1622220023481070,42.66,42.65,42.64,42.69,42.7,42.71,2400,27700,3000,1000,6300,1800,42.66
838,1391,BRAZULACNPR4BR00,AZUL4,1622220023481104,42.66,42.65,42.64,42.69,42.7,42.71,2400,27700,3000,1000,6300,1800,42.66
839,1391,BRAZULACNPR4BR00,AZUL4,1622220023482090,42.66,42.65,42.64,42.69,42.7,42.71,2400,27700,3000,1000,6300,1800,42.66
840,1391,BRAZULACNPR4BR00,AZUL4,1622220023482135,42.66,42.65,42.64,42.69,42.7,42.71,2400,27700,3000,1000,6300,1800,42.66
841,1391,BRAZULACNPR4BR00,AZUL4,1622220024486130,42.66,42.65,42.64,42.69,42.7,42.71,2500,27700,3000,1000,6300,1800,42.66
842,1391,BRAZULACNPR4BR00,AZUL4,1622220024487665,42.67,42.66,42.65,42.69,42.7,42.71,100,2500,27700,1000,6300,1600,42.66
843,1391,BRAZULACNPR4BR00,AZUL4,1622220024663864,42.67,42.66,42.65,42.69,42.7,42.71,300,2300,27700,700,6300,1600,42.66
844,1391,BRAZULACNPR4BR00,AZUL4,1622220024665384,42.68,42.67,42.66,42.69,42.7,42.71,100,200,2300,700,6300,1600,42.66
845,1391,BRAZULACNPR4BR00,AZUL4,1622220024666628,42.67,42.66,42.65,42.69,42.7,42.71,200,2300,27700,300,6300,1600,42.68
846,1391,BRAZULACNPR4BR00,AZUL4,1622220024666736,42.67,42.66,42.65,42.69,42.7,42.71,200,2400,27600,300,6300,1600,42.68
847,1391,BRAZULACNPR4BR00,AZUL4,1622220024668008,42.68,42.67,42.66,42.69,42.7,42.71,100,200,2400,300,6300,1600,42.68
848,1391,BRAZULACNPR4BR00,AZUL4,1622220024984960,42.68,42.67,42.66,42.69,42.7,42.71,400,200,2900,300,6100,1600,42.68
849,1391,BRAZULACNPR4BR00,AZUL4,1622220024984988,42.68,42.67,42.66,42.69,42.7,42.71,100,200,2900,300,6100,1600,42.68
