,MappingNumber,EsteeID,Ticker, CurrTimeInMicroSeconds, BP1, BP2, BP3, AP1, AP2, AP3, BQ1, BQ2, BQ3, AQ1, AQ2, AQ3, LTP
0,129,BRAALRACNOR6BR00,AALR3,1621873829399785,10.53,10.52,10.51,10.54,10.55,10.56,1200,7100,600,2200,2200,1100,10.54
1,129,BRAALRACNOR6BR00,AALR3,1621873829401055,10.53,10.52,10.51,10.54,10.55,10.56,1300,7100,600,2200,2200,1100,10.54
2,129,BRAALRACNOR6BR00,AALR3,1621873831199008,10.52,10.51,10.5,10.54,10.55,10.56,6500,600,1500,2500,1900,1100,10.53
3,129,BRAALRACNOR6BR00,AALR3,1621873831199261,10.52,10.51,10.5,10.54,10.55,10.56,6500,600,1500,2500,1900,1100,10.53
4,129,BRAALRACNOR6BR00,AALR3,1621873831199967,10.52,10.51,10.5,10.54,10.55,10.56,6500,600,1500,2500,1900,1100,10.53
5,129,BRAALRACNOR6BR00,AALR3,1621873831201353,10.52,10.51,10.5,10.53,10.54,10.55,6600,600,1500,400,3100,1900,10.53
6,129,BRAALRACNOR6BR00,AALR3,1621873875091850,10.53,10.52,10.51,10.54,10.55,10.56,100,6600,1300,2400,2000,1100,10.54
7,129,BRAALRACNOR6BR00,AALR3,1621873875093175,10.53,10.52,10.51,10.54,10.55,10.56,200,7100,1300,2400,2000,1100,10.54
8,129,BRAALRACNOR6BR00,AALR3,1621873883960256,10.52,10.51,10.5,10.53,10.54,10.55,7100,600,3000,100,1300,2200,10.53
9,129,BRAALRACNOR6BR00,AALR3,1621873883960429,10.52,10.51,10.5,10.53,10.54,10.55,7100,600,3000,100,1300,2200,10.53
10,129,BRAALRACNOR6BR00,AALR3,1621873883961001,10.52,10.51,10.5,10.53,10.54,10.55,6500,600,3000,100,1300,2200,10.53
11,129,BRAALRACNOR6BR00,AALR3,1621873883962186,10.52,10.51,10.5,10.53,10.54,10.55,6600,600,3000,100,1900,2200,10.53
12,129,BRAALRACNOR6BR00,AALR3,1621873897058549,10.53,10.52,10.51,10.54,10.55,10.56,400,7200,600,900,2000,2600,10.53
13,129,BRAALRACNOR6BR00,AALR3,1621873897059914,10.53,10.52,10.51,10.54,10.55,10.56,500,7500,600,100,1600,2700,10.54
14,129,BRAALRACNOR6BR00,AALR3,1621873930411086,10.54,10.53,10.52,10.56,10.57,10.58,400,1700,6700,2100,3800,4600,10.56
15,129,BRAALRACNOR6BR00,AALR3,1621873930412466,10.54,10.53,10.52,10.56,10.57,10.58,1100,1600,6700,1600,3900,4700,10.56
16,129,BRAALRACNOR6BR00,AALR3,1621873932317605,10.55,10.54,10.53,10.56,10.57,10.58,500,1500,1900,500,4700,4700,10.56
17,129,BRAALRACNOR6BR00,AALR3,1621873932319004,10.55,10.54,10.53,10.56,10.57,10.58,600,1400,1900,500,4700,4700,10.56
18,129,BRAALRACNOR6BR00,AALR3,1621873943849800,10.56,10.55,10.54,10.57,10.58,10.59,200,1300,1000,3500,4700,4500,10.56
19,129,BRAALRACNOR6BR00,AALR3,1621873943851138,10.56,10.55,10.54,10.57,10.58,10.59,300,1200,1000,3400,4700,4600,10.56
20,129,BRAALRACNOR6BR00,AALR3,1621873943869699,10.56,10.55,10.54,10.57,10.58,10.59,100,1800,1000,2700,4100,4600,10.56
21,129,BRAALRACNOR6BR00,AALR3,1621873943870975,10.55,10.54,10.53,10.57,10.58,10.59,1900,1000,1100,2700,4100,4600,10.56
22,129,BRAALRACNOR6BR00,AALR3,1621873961127515,10.56,10.55,10.54,10.57,10.58,10.59,200,1300,1000,2800,4700,4600,10.56
23,129,BRAALRACNOR6BR00,AALR3,1621873961128774,10.56,10.55,10.54,10.57,10.58,10.59,300,1200,1000,2800,4700,4600,10.56
24,129,BRAALRACNOR6BR00,AALR3,1621873972737826,10.57,10.56,10.55,10.58,10.59,10.6,100,1700,1000,3500,4700,2200,10.58
25,129,BRAALRACNOR6BR00,AALR3,1621873972739061,10.57,10.56,10.55,10.58,10.59,10.6,200,2200,1000,3500,4700,2200,10.58
26,129,BRAALRACNOR6BR00,AALR3,1621873998664217,10.57,10.56,10.55,10.58,10.59,10.6,2800,600,1000,3300,2100,2200,10.58
27,129,BRAALRACNOR6BR00,AALR3,1621873998664474,10.56,10.55,10.54,10.57,10.58,10.59,600,1000,1000,200,1800,2100,10.57
28,129,BRAALRACNOR6BR00,AALR3,1621873998665894,10.56,10.54,10.53,10.57,10.58,10.59,100,1000,3400,600,1900,2200,10.57
29,129,BRAALRACNOR6BR00,AALR3,1621873998666182,10.56,10.54,10.53,10.57,10.58,10.59,100,1000,3400,600,2000,2200,10.57
30,129,BRAALRACNOR6BR00,AALR3,1621873998667573,10.54,10.53,10.52,10.57,10.58,10.59,1100,3400,6700,1000,2600,2100,10.57
31,129,BRAALRACNOR6BR00,AALR3,1621873998668859,10.56,10.54,10.53,10.57,10.58,10.59,400,1100,3400,1000,2600,2100,10.57
32,129,BRAALRACNOR6BR00,AALR3,1621873998670054,10.56,10.54,10.53,10.57,10.58,10.59,100,1000,3400,1000,2500,2100,10.57
33,129,BRAALRACNOR6BR00,AALR3,1621873998671367,10.56,10.54,10.53,10.57,10.58,10.59,100,1000,3400,1000,2600,2100,10.57
34,129,BRAALRACNOR6BR00,AALR3,1621873998672491,10.54,10.53,10.52,10.57,10.58,10.59,1100,3400,6700,1000,2600,2100,10.57
35,129,BRAALRACNOR6BR00,AALR3,1621874004057223,10.55,10.54,10.53,10.56,10.57,10.58,100,500,2400,1100,1700,2400,10.57
36,129,BRAALRACNOR6BR00,AALR3,1621874004058492,10.55,10.54,10.53,10.56,10.57,10.58,200,400,2400,700,1100,2400,10.57
37,129,BRAALRACNOR6BR00,AALR3,1621874012519689,10.55,10.54,10.53,10.57,10.58,10.59,100,1600,1800,1700,2500,2100,10.55
38,129,BRAALRACNOR6BR00,AALR3,1621874012519957,10.55,10.54,10.53,10.57,10.58,10.59,100,1600,1800,1700,2500,2100,10.55
39,129,BRAALRACNOR6BR00,AALR3,1621874012520158,10.55,10.54,10.53,10.57,10.58,10.59,100,1600,1800,2800,2500,2100,10.55
40,129,BRAALRACNOR6BR00,AALR3,1621874012521466,10.55,10.54,10.53,10.57,10.58,10.59,200,1000,1800,2800,2500,2100,10.55
41,129,BRAALRACNOR6BR00,AALR3,1621874018434384,10.55,10.54,10.53,10.57,10.58,10.59,100,1600,1000,2800,2600,2100,10.55
42,129,BRAALRACNOR6BR00,AALR3,1621874018435722,10.54,10.53,10.52,10.57,10.58,10.59,1100,1000,8300,2800,2600,2100,10.55
43,129,BRAALRACNOR6BR00,AALR3,1621874019130464,10.55,10.54,10.53,10.56,10.57,10.58,400,2200,1000,300,2100,2600,10.57
44,129,BRAALRACNOR6BR00,AALR3,1621874019131753,10.55,10.54,10.53,10.56,10.57,10.58,500,2100,1000,300,2000,2600,10.57
45,129,BRAALRACNOR6BR00,AALR3,1621874100573751,10.55,10.54,10.53,10.57,10.58,10.59,800,2000,1000,2600,2200,2100,10.55
46,129,BRAALRACNOR6BR00,AALR3,1621874100574423,10.55,10.54,10.53,10.57,10.58,10.59,400,2000,1000,2600,2200,2100,10.55
47,129,BRAALRACNOR6BR00,AALR3,1621874100575741,10.55,10.54,10.53,10.56,10.57,10.58,500,2000,1000,400,3100,2800,10.55
48,129,BRAALRACNOR6BR00,AALR3,1621874100575758,10.55,10.54,10.53,10.56,10.57,10.58,500,2000,1000,400,3100,2700,10.55
49,129,BRAALRACNOR6BR00,AALR3,1621874100576965,10.55,10.54,10.53,10.56,10.57,10.58,400,2100,1000,200,3100,2700,10.56
50,129,BRAALRACNOR6BR00,AALR3,1621874101081153,10.55,10.54,10.53,10.57,10.58,10.59,400,2100,1000,2700,2700,2100,10.56
51,129,BRAALRACNOR6BR00,AALR3,1621874101084374,10.55,10.54,10.53,10.57,10.58,10.59,500,2000,1000,3100,2700,2100,10.56
52,129,BRAALRACNOR6BR00,AALR3,1621874110899410,10.55,10.54,10.53,10.57,10.58,10.59,200,1900,1000,3100,2700,2100,10.55
53,129,BRAALRACNOR6BR00,AALR3,1621874110900019,10.55,10.54,10.53,10.57,10.58,10.59,200,1900,1000,3000,2700,2100,10.55
54,129,BRAALRACNOR6BR00,AALR3,1621874110901334,10.55,10.54,10.53,10.57,10.58,10.59,300,1900,1000,3000,2700,2100,10.55
55,129,BRAALRACNOR6BR00,AALR3,1621874127053372,10.56,10.55,10.54,10.57,10.58,10.59,1200,900,1400,2300,2100,2100,10.57
56,129,BRAALRACNOR6BR00,AALR3,1621874127054961,10.56,10.55,10.54,10.57,10.58,10.59,1300,800,1400,2300,2100,2100,10.57
57,129,BRAALRACNOR6BR00,AALR3,1621874242880189,10.56,10.55,10.54,10.57,10.58,10.59,3000,700,1400,1700,2400,2100,10.56
58,129,BRAALRACNOR6BR00,AALR3,1621874617173326,10.59,10.58,10.57,10.6,10.61,10.62,1000,2000,1100,3000,1500,5600,10.59
59,129,BRAALRACNOR6BR00,AALR3,1621874617174472,10.59,10.58,10.57,10.6,10.61,10.62,1100,2000,1100,3000,1500,5600,10.59
60,129,BRAALRACNOR6BR00,AALR3,1621874619333869,10.57,10.56,10.55,10.58,10.6,10.61,1100,900,2700,6500,3000,1500,10.58
61,129,BRAALRACNOR6BR00,AALR3,1621874619333988,10.57,10.56,10.55,10.58,10.6,10.61,1100,900,2700,6500,3000,1500,10.58
62,129,BRAALRACNOR6BR00,AALR3,1621874619334607,10.57,10.56,10.55,10.58,10.6,10.61,500,900,2700,6500,3000,1500,10.58
63,129,BRAALRACNOR6BR00,AALR3,1621874619335977,10.57,10.56,10.55,10.58,10.6,10.61,600,900,2700,6500,3600,1500,10.58
64,129,BRAALRACNOR6BR00,AALR3,1621874627117114,10.57,10.56,10.55,10.61,10.62,10.63,2100,900,2700,2100,7200,1100,10.58
65,129,BRAALRACNOR6BR00,AALR3,1621874627118505,10.58,10.57,10.56,10.61,10.62,10.63,1100,2000,900,2100,7200,1100,10.58
66,129,BRAALRACNOR6BR00,AALR3,1621874627118728,10.58,10.57,10.56,10.61,10.62,10.63,1400,2000,900,2100,7200,1100,10.58
67,129,BRAALRACNOR6BR00,AALR3,1621874627119897,10.59,10.58,10.57,10.6,10.61,10.62,500,700,2000,400,2600,7200,10.58
68,129,BRAALRACNOR6BR00,AALR3,1621874629849739,10.58,10.57,10.56,10.6,10.61,10.62,700,2000,900,1300,1700,7200,10.59
69,129,BRAALRACNOR6BR00,AALR3,1621874629857556,10.59,10.58,10.57,10.6,10.61,10.62,100,700,1900,1300,1700,7200,10.59
70,129,BRAALRACNOR6BR00,AALR3,1621874629858691,10.59,10.58,10.57,10.6,10.61,10.62,200,700,1900,1300,1700,7200,10.59
71,129,BRAALRACNOR6BR00,AALR3,1621874636591650,10.58,10.57,10.56,10.6,10.61,10.62,900,1300,900,1600,1700,7200,10.58
72,129,BRAALRACNOR6BR00,AALR3,1621874636592281,10.58,10.57,10.56,10.6,10.61,10.62,600,1300,900,1600,1700,7200,10.58
73,129,BRAALRACNOR6BR00,AALR3,1621874636593579,10.59,10.58,10.57,10.6,10.61,10.62,100,400,800,2500,2300,7200,10.58
74,129,BRAALRACNOR6BR00,AALR3,1621874636594734,10.58,10.57,10.56,10.6,10.61,10.62,700,1400,1300,2000,2300,7200,10.59
75,129,BRAALRACNOR6BR00,AALR3,1621874636599547,10.59,10.58,10.57,10.6,10.61,10.62,300,400,1400,2000,2300,7200,10.59
76,129,BRAALRACNOR6BR00,AALR3,1621874636600680,10.59,10.57,10.56,10.6,10.61,10.62,100,1400,1300,1600,2300,7200,10.59
77,129,BRAALRACNOR6BR00,AALR3,1621874640759624,10.57,10.56,10.55,10.6,10.61,10.62,1400,1300,2700,1700,2300,7200,10.59
78,129,BRAALRACNOR6BR00,AALR3,1621874640759834,10.57,10.56,10.55,10.6,10.61,10.62,1400,1300,2700,1700,2300,7200,10.59
79,129,BRAALRACNOR6BR00,AALR3,1621874640760369,10.57,10.56,10.55,10.6,10.61,10.62,800,1300,2700,1700,2300,7200,10.59
80,129,BRAALRACNOR6BR00,AALR3,1621874640761478,10.58,10.57,10.56,10.6,10.61,10.62,500,800,1300,2100,2300,7200,10.59
81,129,BRAALRACNOR6BR00,AALR3,1621874640772536,10.58,10.57,10.56,10.6,10.61,10.62,500,1400,1300,1700,2300,7200,10.59
82,129,BRAALRACNOR6BR00,AALR3,1621874640773788,10.59,10.58,10.57,10.6,10.61,10.62,100,400,1400,1700,2300,7200,10.59
83,129,BRAALRACNOR6BR00,AALR3,1621874640774161,10.59,10.57,10.56,10.6,10.61,10.62,100,1400,1300,1700,2300,7200,10.59
84,129,BRAALRACNOR6BR00,AALR3,1621874640775228,10.57,10.56,10.55,10.6,10.61,10.62,1400,1300,2700,1700,2300,7200,10.59
85,129,BRAALRACNOR6BR00,AALR3,1621874640775272,10.58,10.57,10.56,10.6,10.61,10.62,600,1400,1300,1700,2300,7200,10.59
86,129,BRAALRACNOR6BR00,AALR3,1621874640776493,10.59,10.58,10.57,10.6,10.61,10.62,100,400,800,2600,2300,7200,10.59
87,129,BRAALRACNOR6BR00,AALR3,1621874640777591,10.58,10.57,10.56,10.6,10.61,10.62,400,1400,1300,2100,2300,7200,10.59
88,129,BRAALRACNOR6BR00,AALR3,1621874641641390,10.58,10.57,10.56,10.6,10.61,10.62,500,1400,1300,2100,2300,7200,10.59
89,129,BRAALRACNOR6BR00,AALR3,1621874641642514,10.59,10.58,10.57,10.6,10.61,10.62,100,500,1400,1700,2300,7200,10.59
90,129,BRAALRACNOR6BR00,AALR3,1621874680497211,10.59,10.58,10.57,10.6,10.61,10.62,500,600,1400,200,1700,5600,10.59
91,129,BRAALRACNOR6BR00,AALR3,1621874680497727,10.59,10.57,10.56,10.6,10.61,10.62,500,1400,1300,200,1700,5600,10.59
92,129,BRAALRACNOR6BR00,AALR3,1621874680499306,10.59,10.57,10.56,10.6,10.61,10.62,200,1400,1300,200,2300,5600,10.59
93,129,BRAALRACNOR6BR00,AALR3,1621874680501578,10.59,10.57,10.56,10.6,10.61,10.62,100,1500,1300,200,2300,5600,10.59
94,129,BRAALRACNOR6BR00,AALR3,1621874680502724,10.58,10.57,10.56,10.6,10.61,10.62,100,1500,1300,200,2300,5600,10.59
95,129,BRAALRACNOR6BR00,AALR3,1621874680503171,10.59,10.58,10.57,10.6,10.61,10.62,100,100,1400,200,2300,5600,10.59
96,129,BRAALRACNOR6BR00,AALR3,1621874680504326,10.59,10.58,10.57,10.6,10.61,10.62,200,1300,1400,200,1700,5600,10.59
97,129,BRAALRACNOR6BR00,AALR3,1621874686063700,10.59,10.58,10.57,10.6,10.61,10.62,400,1300,1400,200,1700,5600,10.59
98,129,BRAALRACNOR6BR00,AALR3,1621874686063989,10.59,10.58,10.57,10.6,10.61,10.62,400,1300,1400,200,1700,5600,10.59
99,129,BRAALRACNOR6BR00,AALR3,1621874686064395,10.59,10.58,10.57,10.6,10.61,10.62,400,700,1400,200,1700,5600,10.59
100,129,BRAALRACNOR6BR00,AALR3,1621874686065752,10.59,10.58,10.57,10.6,10.61,10.62,500,700,1400,100,1700,5600,10.6
101,129,BRAALRACNOR6BR00,AALR3,1621874686065880,10.59,10.58,10.57,10.6,10.61,10.62,500,700,1400,100,1700,5600,10.6
102,129,BRAALRACNOR6BR00,AALR3,1621874686066077,10.59,10.58,10.57,10.6,10.61,10.62,500,300,1400,100,1700,5600,10.6
103,129,BRAALRACNOR6BR00,AALR3,1621874686067344,10.59,10.58,10.57,10.61,10.62,10.63,500,300,1400,1700,5600,2700,10.6
104,129,BRAALRACNOR6BR00,AALR3,1621874686067601,10.59,10.58,10.57,10.61,10.62,10.63,500,300,1400,1700,5600,2700,10.6
105,129,BRAALRACNOR6BR00,AALR3,1621874686068164,10.59,10.58,10.57,10.61,10.62,10.63,500,700,1400,1700,5600,2700,10.6
106,129,BRAALRACNOR6BR00,AALR3,1621874686069313,10.6,10.59,10.58,10.61,10.62,10.63,100,500,1300,1700,5600,2700,10.6
107,129,BRAALRACNOR6BR00,AALR3,1621874688651875,10.59,10.58,10.57,10.61,10.62,10.63,100,1300,1400,1600,5600,2700,10.6
108,129,BRAALRACNOR6BR00,AALR3,1621874688652654,10.59,10.58,10.57,10.61,10.62,10.63,500,1300,1400,1600,5600,2700,10.6
109,129,BRAALRACNOR6BR00,AALR3,1621874688653838,10.6,10.59,10.58,10.61,10.62,10.63,100,500,1300,1600,5600,2700,10.6
110,129,BRAALRACNOR6BR00,AALR3,1621874694737949,10.6,10.58,10.57,10.61,10.62,10.63,500,1400,1300,1600,5600,2700,10.6
111,129,BRAALRACNOR6BR00,AALR3,1621874694739307,10.6,10.59,10.58,10.61,10.62,10.63,400,600,1400,1500,5600,2700,10.61
112,129,BRAALRACNOR6BR00,AALR3,1621874694739476,10.6,10.59,10.58,10.61,10.62,10.63,400,600,1400,1500,5600,2700,10.61
113,129,BRAALRACNOR6BR00,AALR3,1621874698953489,10.6,10.59,10.58,10.61,10.62,10.63,500,600,1400,1500,5600,2700,10.61
114,129,BRAALRACNOR6BR00,AALR3,1621874698954835,10.6,10.59,10.58,10.61,10.62,10.63,500,600,1400,1400,5600,2700,10.61
115,129,BRAALRACNOR6BR00,AALR3,1621874698955068,10.6,10.59,10.58,10.61,10.62,10.63,500,600,1400,1400,5600,2700,10.61
116,129,BRAALRACNOR6BR00,AALR3,1621874701157789,10.6,10.59,10.58,10.61,10.62,10.63,1000,600,1400,1400,5600,2700,10.61
117,129,BRAALRACNOR6BR00,AALR3,1621874701165240,10.6,10.59,10.58,10.61,10.62,10.63,1000,600,1400,1300,5600,2700,10.61
118,129,BRAALRACNOR6BR00,AALR3,1621874701165388,10.6,10.59,10.58,10.61,10.62,10.63,1000,600,1400,1300,5600,2700,10.61
119,129,BRAALRACNOR6BR00,AALR3,1621874701171645,10.6,10.59,10.58,10.61,10.62,10.63,1000,600,1400,1300,5000,2700,10.61
120,129,BRAALRACNOR6BR00,AALR3,1621874701176842,10.6,10.59,10.58,10.61,10.62,10.63,1000,600,1400,1200,5000,2700,10.61
121,129,BRAALRACNOR6BR00,AALR3,1621874701177088,10.6,10.59,10.58,10.61,10.62,10.63,1000,600,1400,1200,5000,2700,10.61
122,129,BRAALRACNOR6BR00,AALR3,1621874701230636,10.6,10.59,10.58,10.61,10.62,10.63,1000,600,1400,400,5000,2700,10.61
123,129,BRAALRACNOR6BR00,AALR3,1621874701230665,10.6,10.59,10.58,10.61,10.62,10.63,1000,600,1400,400,5000,2700,10.61
124,129,BRAALRACNOR6BR00,AALR3,1621874701998305,10.6,10.59,10.58,10.61,10.62,10.63,500,600,1400,400,5000,2700,10.61
125,129,BRAALRACNOR6BR00,AALR3,1621874701999639,10.6,10.59,10.58,10.61,10.62,10.63,500,600,1400,300,5000,2700,10.61
126,129,BRAALRACNOR6BR00,AALR3,1621874701999900,10.6,10.59,10.58,10.61,10.62,10.63,500,600,1400,300,5000,2700,10.61
127,129,BRAALRACNOR6BR00,AALR3,1621874702098461,10.6,10.59,10.58,10.61,10.62,10.63,1000,600,1400,300,5000,2700,10.61
128,129,BRAALRACNOR6BR00,AALR3,1621874702099744,10.6,10.59,10.58,10.61,10.62,10.63,1000,600,1400,200,5000,2700,10.61
129,129,BRAALRACNOR6BR00,AALR3,1621874702099983,10.6,10.59,10.58,10.61,10.62,10.63,1000,600,1400,200,5000,2700,10.61
130,129,BRAALRACNOR6BR00,AALR3,1621874702353516,10.6,10.59,10.58,10.61,10.62,10.63,500,600,1400,200,5000,2700,10.61
131,129,BRAALRACNOR6BR00,AALR3,1621874702355011,10.6,10.59,10.58,10.61,10.62,10.63,500,600,1400,100,5000,2700,10.61
132,129,BRAALRACNOR6BR00,AALR3,1621874702355196,10.6,10.59,10.58,10.61,10.62,10.63,500,600,1400,100,5000,2700,10.61
133,129,BRAALRACNOR6BR00,AALR3,1621874702492253,10.6,10.59,10.58,10.61,10.62,10.63,500,600,1400,100,5000,1100,10.61
134,129,BRAALRACNOR6BR00,AALR3,1621874702493569,10.6,10.59,10.58,10.62,10.63,10.64,500,600,1400,5000,1100,7000,10.61
135,129,BRAALRACNOR6BR00,AALR3,1621874702493847,10.6,10.59,10.58,10.62,10.63,10.64,500,600,1400,5000,1100,7000,10.61
136,129,BRAALRACNOR6BR00,AALR3,1621874702494316,10.6,10.59,10.58,10.62,10.63,10.64,500,1000,1400,5000,1100,7000,10.61
137,129,BRAALRACNOR6BR00,AALR3,1621874702495743,10.61,10.6,10.59,10.62,10.63,10.64,100,500,1000,5000,1100,7000,10.61
138,129,BRAALRACNOR6BR00,AALR3,1621874708127950,10.61,10.6,10.59,10.62,10.63,10.64,600,100,1000,5100,1000,7000,10.61
139,129,BRAALRACNOR6BR00,AALR3,1621874708129342,10.61,10.6,10.59,10.62,10.63,10.64,500,100,1000,4800,1000,7000,10.62
140,129,BRAALRACNOR6BR00,AALR3,1621874708129561,10.61,10.6,10.59,10.62,10.63,10.64,500,100,1000,4800,1000,7000,10.62
141,129,BRAALRACNOR6BR00,AALR3,1621874708130003,10.61,10.6,10.59,10.62,10.63,10.64,500,700,1000,4800,1000,7000,10.62
142,129,BRAALRACNOR6BR00,AALR3,1621874708131216,10.61,10.6,10.59,10.62,10.63,10.64,500,700,1000,4700,1000,7000,10.62
143,129,BRAALRACNOR6BR00,AALR3,1621874708131476,10.61,10.6,10.59,10.62,10.63,10.64,500,700,1000,4700,1000,7000,10.62
144,129,BRAALRACNOR6BR00,AALR3,1621874708333854,10.61,10.6,10.59,10.62,10.63,10.64,200,700,1000,4700,1000,7000,10.61
145,129,BRAALRACNOR6BR00,AALR3,1621874708335147,10.61,10.6,10.59,10.62,10.63,10.64,300,100,600,4700,1000,7000,10.61
146,129,BRAALRACNOR6BR00,AALR3,1621874716720613,10.61,10.59,10.58,10.62,10.63,10.64,500,600,1400,4800,1000,7000,10.61
147,129,BRAALRACNOR6BR00,AALR3,1621874716722174,10.61,10.59,10.58,10.62,10.63,10.64,400,600,1400,4700,1000,7000,10.62
148,129,BRAALRACNOR6BR00,AALR3,1621874716722284,10.61,10.59,10.58,10.62,10.63,10.64,400,600,1400,4700,1000,7000,10.62
149,129,BRAALRACNOR6BR00,AALR3,1621874716722788,10.61,10.6,10.59,10.62,10.63,10.64,400,600,600,4700,1000,7000,10.62
150,129,BRAALRACNOR6BR00,AALR3,1621874716724049,10.61,10.6,10.59,10.62,10.63,10.64,400,600,600,4700,1000,7000,10.62
151,129,BRAALRACNOR6BR00,AALR3,1621874716724242,10.61,10.6,10.59,10.62,10.63,10.64,400,600,600,4700,1000,7000,10.62
152,129,BRAALRACNOR6BR00,AALR3,1621874717075260,10.61,10.59,10.58,10.62,10.63,10.64,400,600,1400,4700,1000,7000,10.62
153,129,BRAALRACNOR6BR00,AALR3,1621874717076651,10.61,10.59,10.58,10.62,10.63,10.64,400,600,1400,4600,1000,7000,10.62
154,129,BRAALRACNOR6BR00,AALR3,1621874717076856,10.61,10.59,10.58,10.62,10.63,10.64,400,600,1400,4600,1000,7000,10.62
155,129,BRAALRACNOR6BR00,AALR3,1621874717182588,10.61,10.6,10.59,10.62,10.63,10.64,400,600,600,4600,1000,7000,10.62
156,129,BRAALRACNOR6BR00,AALR3,1621874717185120,10.61,10.6,10.59,10.62,10.63,10.64,400,600,600,4500,1000,7000,10.62
157,129,BRAALRACNOR6BR00,AALR3,1621874717185306,10.61,10.6,10.59,10.62,10.63,10.64,400,600,600,4500,1000,7000,10.62
158,129,BRAALRACNOR6BR00,AALR3,1621874717536683,10.61,10.59,10.58,10.62,10.63,10.64,400,600,1400,4500,1000,7000,10.62
159,129,BRAALRACNOR6BR00,AALR3,1621874717538201,10.61,10.59,10.58,10.62,10.63,10.64,400,600,1400,4400,1000,7000,10.62
160,129,BRAALRACNOR6BR00,AALR3,1621874717538404,10.61,10.59,10.58,10.62,10.63,10.64,400,600,1400,4400,1000,7000,10.62
161,129,BRAALRACNOR6BR00,AALR3,1621874717637312,10.61,10.6,10.59,10.62,10.63,10.64,400,600,600,4400,1000,7000,10.62
162,129,BRAALRACNOR6BR00,AALR3,1621874717638734,10.61,10.6,10.59,10.62,10.63,10.64,400,600,600,4300,1000,7000,10.62
163,129,BRAALRACNOR6BR00,AALR3,1621874717639006,10.61,10.6,10.59,10.62,10.63,10.64,400,600,600,4300,1000,7000,10.62
164,129,BRAALRACNOR6BR00,AALR3,1621874717952661,10.6,10.59,10.58,10.62,10.63,10.64,600,600,1400,4300,1000,7000,10.61
165,129,BRAALRACNOR6BR00,AALR3,1621874717954014,10.61,10.58,10.57,10.62,10.63,10.64,100,1400,1000,4800,1000,7000,10.61
166,129,BRAALRACNOR6BR00,AALR3,1621874717954693,10.61,10.59,10.58,10.62,10.63,10.64,100,400,1400,4800,1000,7000,10.61
167,129,BRAALRACNOR6BR00,AALR3,1621874717955197,10.59,10.58,10.57,10.61,10.62,10.63,1000,1400,1000,300,4300,1000,10.61
168,129,BRAALRACNOR6BR00,AALR3,1621874718225284,10.59,10.58,10.57,10.61,10.62,10.63,1000,1400,1000,500,4200,1000,10.61
169,129,BRAALRACNOR6BR00,AALR3,1621874718226560,10.6,10.59,10.58,10.61,10.62,10.63,100,400,1400,500,4200,1000,10.61
170,129,BRAALRACNOR6BR00,AALR3,1621874718227088,10.6,10.58,10.57,10.61,10.62,10.63,100,1400,1000,200,4200,1000,10.61
171,129,BRAALRACNOR6BR00,AALR3,1621874718228321,10.59,10.58,10.57,10.61,10.62,10.63,700,1400,1000,200,4200,1000,10.61
172,129,BRAALRACNOR6BR00,AALR3,1621874718228933,10.59,10.58,10.57,10.61,10.62,10.63,1100,1400,1000,200,4200,1000,10.61
173,129,BRAALRACNOR6BR00,AALR3,1621874718230071,10.6,10.59,10.58,10.61,10.62,10.63,100,1000,1400,200,4200,1000,10.61
174,129,BRAALRACNOR6BR00,AALR3,1621874723832619,10.58,10.57,10.56,10.59,10.61,10.62,1400,1000,1300,5100,300,4100,10.59
175,129,BRAALRACNOR6BR00,AALR3,1621874723832866,10.58,10.57,10.56,10.59,10.61,10.62,1400,1000,1300,5100,300,4100,10.59
176,129,BRAALRACNOR6BR00,AALR3,1621874723833654,10.58,10.57,10.56,10.59,10.61,10.62,1400,1000,1300,600,300,4100,10.59
177,129,BRAALRACNOR6BR00,AALR3,1621874723834818,10.59,10.58,10.57,10.61,10.62,10.63,100,1400,1000,300,4700,1000,10.59
178,129,BRAALRACNOR6BR00,AALR3,1621874723835254,10.59,10.58,10.57,10.61,10.62,10.63,400,1400,1000,300,4100,1000,10.59
179,129,BRAALRACNOR6BR00,AALR3,1621874723836541,10.6,10.59,10.58,10.61,10.62,10.63,100,700,1400,700,4100,1000,10.59
180,129,BRAALRACNOR6BR00,AALR3,1621874723839926,10.6,10.59,10.58,10.61,10.62,10.63,1100,700,1400,700,4100,1000,10.59
181,129,BRAALRACNOR6BR00,AALR3,1621874723841370,10.6,10.59,10.58,10.61,10.62,10.63,1000,300,1400,200,4100,1000,10.61
182,129,BRAALRACNOR6BR00,AALR3,1621874723841612,10.6,10.59,10.58,10.61,10.62,10.63,1000,300,1400,200,4100,1000,10.61
183,129,BRAALRACNOR6BR00,AALR3,1621874723843917,10.6,10.59,10.58,10.61,10.62,10.63,1000,900,1400,200,4100,1000,10.61
184,129,BRAALRACNOR6BR00,AALR3,1621874723845283,10.6,10.59,10.58,10.61,10.62,10.63,1000,900,1400,100,4100,1000,10.61
185,129,BRAALRACNOR6BR00,AALR3,1621874723845474,10.6,10.59,10.58,10.61,10.62,10.63,1000,900,1400,100,4100,1000,10.61
186,129,BRAALRACNOR6BR00,AALR3,1621874724347057,10.6,10.59,10.58,10.61,10.62,10.63,1000,900,1400,400,4100,1000,10.61
187,129,BRAALRACNOR6BR00,AALR3,1621874724348604,10.6,10.59,10.58,10.61,10.62,10.63,1000,900,1400,300,4100,1000,10.61
188,129,BRAALRACNOR6BR00,AALR3,1621874724348849,10.6,10.59,10.58,10.61,10.62,10.63,1000,900,1400,300,4100,1000,10.61
189,129,BRAALRACNOR6BR00,AALR3,1621874724850030,10.6,10.59,10.58,10.62,10.63,10.64,1000,900,1400,4400,1000,2800,10.61
190,129,BRAALRACNOR6BR00,AALR3,1621874724851291,10.61,10.6,10.59,10.62,10.63,10.64,100,1000,900,4400,1000,2800,10.61
191,129,BRAALRACNOR6BR00,AALR3,1621874724852231,10.6,10.59,10.58,10.62,10.63,10.64,1000,900,1400,4400,1000,2800,10.61
192,129,BRAALRACNOR6BR00,AALR3,1621874726189897,10.6,10.59,10.58,10.62,10.63,10.64,1300,900,1400,4400,1000,2800,10.61
193,129,BRAALRACNOR6BR00,AALR3,1621874726191140,10.61,10.6,10.59,10.62,10.63,10.64,100,1300,900,4400,1000,2800,10.61
194,129,BRAALRACNOR6BR00,AALR3,1621874726192181,10.6,10.59,10.58,10.62,10.63,10.64,1300,900,1400,4400,1000,2800,10.61
195,129,BRAALRACNOR6BR00,AALR3,1621874729500105,10.6,10.59,10.58,10.62,10.63,10.64,1500,900,1400,4400,1000,2800,10.61
196,129,BRAALRACNOR6BR00,AALR3,1621874729501440,10.61,10.6,10.59,10.62,10.63,10.64,100,1500,900,4400,1000,2800,10.61
197,129,BRAALRACNOR6BR00,AALR3,1621874729586590,10.6,10.59,10.58,10.62,10.63,10.64,1500,900,1400,4400,1000,2800,10.61
198,129,BRAALRACNOR6BR00,AALR3,1621874730046546,10.6,10.59,10.58,10.62,10.63,10.64,1500,300,1400,4400,1000,2800,10.61
199,129,BRAALRACNOR6BR00,AALR3,1621874730050810,10.61,10.6,10.59,10.62,10.63,10.64,100,1500,300,4900,1000,2800,10.61
200,129,BRAALRACNOR6BR00,AALR3,1621874730060933,10.6,10.59,10.58,10.62,10.63,10.64,1500,900,1400,4900,1000,2800,10.61
201,129,BRAALRACNOR6BR00,AALR3,1621874730064765,10.6,10.59,10.58,10.62,10.63,10.64,1500,900,1400,4400,1000,2800,10.61
202,129,BRAALRACNOR6BR00,AALR3,1621874730071735,10.61,10.6,10.59,10.62,10.63,10.64,100,1500,900,4900,1000,2800,10.61
203,129,BRAALRACNOR6BR00,AALR3,1621874730076346,10.6,10.59,10.58,10.62,10.63,10.64,1500,900,1400,4900,1000,2800,10.61
204,129,BRAALRACNOR6BR00,AALR3,1621874730077908,10.6,10.59,10.58,10.62,10.63,10.64,1500,900,1400,4400,1000,2800,10.61
205,129,BRAALRACNOR6BR00,AALR3,1621874730081276,10.61,10.6,10.59,10.62,10.63,10.64,100,1500,900,4400,1000,2800,10.61
206,129,BRAALRACNOR6BR00,AALR3,1621874733271161,10.6,10.59,10.58,10.62,10.63,10.64,1800,900,1400,4400,1000,2800,10.61
207,129,BRAALRACNOR6BR00,AALR3,1621874733271825,10.6,10.59,10.58,10.62,10.63,10.64,1200,900,1400,4400,1000,2800,10.61
208,129,BRAALRACNOR6BR00,AALR3,1621874733273022,10.61,10.6,10.59,10.62,10.63,10.64,100,1200,900,4400,1000,2800,10.61
209,129,BRAALRACNOR6BR00,AALR3,1621874737156684,10.6,10.59,10.58,10.62,10.63,10.64,1800,900,1400,4400,1000,2800,10.61
210,129,BRAALRACNOR6BR00,AALR3,1621874737157283,10.6,10.59,10.58,10.62,10.63,10.64,1200,900,1400,4400,1000,2800,10.61
211,129,BRAALRACNOR6BR00,AALR3,1621874737158478,10.61,10.6,10.59,10.62,10.63,10.64,100,1200,900,4400,1000,2800,10.61
212,129,BRAALRACNOR6BR00,AALR3,1621874744235364,10.6,10.59,10.58,10.62,10.63,10.64,1800,900,1400,4500,1000,2800,10.61
213,129,BRAALRACNOR6BR00,AALR3,1621874744235836,10.6,10.59,10.58,10.62,10.63,10.64,1200,900,1400,4500,1000,2800,10.61
214,129,BRAALRACNOR6BR00,AALR3,1621874744237038,10.61,10.6,10.59,10.62,10.63,10.64,100,1200,900,4500,1000,2800,10.61
215,129,BRAALRACNOR6BR00,AALR3,1621874749795747,10.59,10.58,10.57,10.6,10.62,10.63,900,1400,1000,900,1500,1000,10.6
216,129,BRAALRACNOR6BR00,AALR3,1621874749795765,10.59,10.58,10.57,10.6,10.62,10.63,900,1400,1000,900,1500,1000,10.6
217,132,BRABCBACNPR4BR00,ABCB4,1621873829778392,16.17,16.16,16.15,16.18,16.19,16.2,2800,200,500,1700,1000,2200,16.18
218,132,BRABCBACNPR4BR00,ABCB4,1621873829779669,16.17,16.16,16.15,16.18,16.19,16.2,2900,200,500,1700,1000,2200,16.18
219,132,BRABCBACNPR4BR00,ABCB4,1621873984800202,16.17,16.16,16.15,16.18,16.19,16.2,500,200,800,1300,1000,2900,16.17
220,132,BRABCBACNPR4BR00,ABCB4,1621873984800926,16.17,16.16,16.15,16.18,16.19,16.2,500,200,800,1300,1000,2900,16.17
221,132,BRABCBACNPR4BR00,ABCB4,1621873984802348,16.15,16.14,16.13,16.17,16.18,16.19,1100,2400,900,100,1600,1100,16.17
222,132,BRABCBACNPR4BR00,ABCB4,1621873984802427,16.15,16.14,16.13,16.17,16.18,16.19,1100,2300,900,100,1600,1100,16.17
223,132,BRABCBACNPR4BR00,ABCB4,1621873984802599,16.15,16.14,16.13,16.17,16.18,16.19,1100,2300,900,100,1700,1200,16.17
224,132,BRABCBACNPR4BR00,ABCB4,1621873984802660,16.15,16.14,16.13,16.17,16.18,16.19,1100,2300,900,400,1700,1200,16.17
225,132,BRABCBACNPR4BR00,ABCB4,1621873984804041,16.15,16.14,16.13,16.17,16.18,16.19,1200,2300,1600,600,2000,1700,16.17
226,132,BRABCBACNPR4BR00,ABCB4,1621874053008382,16.15,16.14,16.13,16.18,16.19,16.2,1700,1100,900,1700,2400,3400,16.15
227,132,BRABCBACNPR4BR00,ABCB4,1621874053009836,16.16,16.15,16.14,16.18,16.19,16.2,400,1600,1100,1500,2400,3400,16.15
228,132,BRABCBACNPR4BR00,ABCB4,1621874185008039,16.16,16.15,16.14,16.18,16.19,16.2,400,1000,2100,4100,2400,2000,16.18
229,132,BRABCBACNPR4BR00,ABCB4,1621874185009387,16.17,16.16,16.15,16.18,16.19,16.2,100,300,1000,4100,2400,2000,16.18
230,132,BRABCBACNPR4BR00,ABCB4,1621874185010213,16.16,16.15,16.14,16.18,16.19,16.2,300,1100,2000,4100,1700,2000,16.17
231,132,BRABCBACNPR4BR00,ABCB4,1621874185010341,16.16,16.15,16.14,16.18,16.19,16.2,300,1100,2000,4100,1100,2000,16.17
232,132,BRABCBACNPR4BR00,ABCB4,1621874185011550,16.17,16.15,16.14,16.18,16.19,16.2,100,1000,2000,4100,1100,3300,16.16
233,132,BRABCBACNPR4BR00,ABCB4,1621874185012139,16.17,16.15,16.14,16.18,16.19,16.2,100,1000,2100,4100,1100,3300,16.16
234,132,BRABCBACNPR4BR00,ABCB4,1621874185012590,16.15,16.14,16.13,16.18,16.19,16.2,1000,2100,2900,4100,1100,3300,16.17
235,132,BRABCBACNPR4BR00,ABCB4,1621874185012614,16.15,16.14,16.13,16.18,16.19,16.2,1000,2100,2900,4200,1100,3200,16.17
236,132,BRABCBACNPR4BR00,ABCB4,1621874185013822,16.16,16.15,16.14,16.17,16.18,16.19,100,1000,2000,300,4200,1200,16.17
237,132,BRABCBACNPR4BR00,ABCB4,1621874185020683,16.15,16.14,16.13,16.17,16.18,16.19,1000,2000,2200,700,2400,1100,16.16
238,132,BRABCBACNPR4BR00,ABCB4,1621874185021286,16.15,16.14,16.13,16.17,16.18,16.19,1000,2000,2200,700,2400,1100,16.16
239,132,BRABCBACNPR4BR00,ABCB4,1621874185022686,16.16,16.15,16.14,16.17,16.18,16.19,100,1000,2000,700,2400,1100,16.16
240,132,BRABCBACNPR4BR00,ABCB4,1621874185023781,16.15,16.14,16.13,16.17,16.18,16.19,1000,2000,2200,700,2400,1100,16.16
241,132,BRABCBACNPR4BR00,ABCB4,1621874185024562,16.15,16.14,16.13,16.17,16.18,16.19,1000,2000,2200,2500,2400,1100,16.16
242,132,BRABCBACNPR4BR00,ABCB4,1621874185025737,16.16,16.15,16.14,16.17,16.18,16.19,100,800,2000,2500,600,1100,16.16
243,132,BRABCBACNPR4BR00,ABCB4,1621874185027001,16.15,16.14,16.13,16.17,16.18,16.19,800,2000,2200,2500,600,1100,16.16
244,132,BRABCBACNPR4BR00,ABCB4,1621874185074444,16.15,16.14,16.13,16.17,16.18,16.19,800,2000,2200,4300,600,1100,16.16
245,132,BRABCBACNPR4BR00,ABCB4,1621874185075747,16.16,16.15,16.14,16.17,16.18,16.19,100,800,2000,4300,700,1000,16.16
246,132,BRABCBACNPR4BR00,ABCB4,1621874185076689,16.15,16.14,16.13,16.17,16.18,16.19,800,2000,2200,4300,700,1000,16.16
247,132,BRABCBACNPR4BR00,ABCB4,1621874185077106,16.15,16.14,16.13,16.17,16.18,16.19,500,2000,2200,4300,700,1000,16.16
248,132,BRABCBACNPR4BR00,ABCB4,1621874185078300,16.16,16.15,16.14,16.17,16.18,16.19,100,500,2000,4300,700,1000,16.16
249,132,BRABCBACNPR4BR00,ABCB4,1621874185079238,16.15,16.14,16.13,16.17,16.18,16.19,500,2000,2200,4300,700,1000,16.16
250,132,BRABCBACNPR4BR00,ABCB4,1621874185082598,16.15,16.14,16.13,16.17,16.18,16.19,400,2000,2200,4300,700,1000,16.15
251,132,BRABCBACNPR4BR00,ABCB4,1621874185083856,16.16,16.15,16.14,16.17,16.18,16.19,100,400,2000,4300,700,1000,16.15
252,132,BRABCBACNPR4BR00,ABCB4,1621874185084857,16.15,16.14,16.13,16.17,16.18,16.19,400,2000,2200,4300,700,1000,16.16
253,132,BRABCBACNPR4BR00,ABCB4,1621874185085700,16.15,16.14,16.13,16.17,16.18,16.19,400,2000,2200,4800,700,1000,16.16
254,132,BRABCBACNPR4BR00,ABCB4,1621874185086802,16.16,16.15,16.14,16.17,16.18,16.19,100,400,2000,4800,700,1000,16.16
255,132,BRABCBACNPR4BR00,ABCB4,1621874185087775,16.15,16.14,16.13,16.17,16.18,16.19,400,2000,2200,4800,700,1000,16.16
256,132,BRABCBACNPR4BR00,ABCB4,1621874185088339,16.15,16.14,16.13,16.17,16.18,16.19,400,2000,2200,4300,700,1000,16.16
257,132,BRABCBACNPR4BR00,ABCB4,1621874185089456,16.16,16.15,16.14,16.17,16.18,16.19,100,400,2000,4300,700,1000,16.16
258,132,BRABCBACNPR4BR00,ABCB4,1621874185181383,16.15,16.14,16.13,16.17,16.18,16.19,400,2000,2200,4500,700,1000,16.16
259,132,BRABCBACNPR4BR00,ABCB4,1621874185182002,16.15,16.14,16.13,16.17,16.18,16.19,400,2000,2200,4500,700,1000,16.16
260,132,BRABCBACNPR4BR00,ABCB4,1621874185183167,16.15,16.14,16.13,16.17,16.18,16.19,500,2000,2200,4500,700,1000,16.16
261,132,BRABCBACNPR4BR00,ABCB4,1621874242879432,16.15,16.14,16.13,16.17,16.18,16.19,100,2000,2300,4600,500,2400,16.16
262,132,BRABCBACNPR4BR00,ABCB4,1621874619729266,16.22,16.21,16.2,16.25,16.26,16.27,300,500,300,2500,800,1900,16.22
263,132,BRABCBACNPR4BR00,ABCB4,1621874619730509,16.23,16.21,16.2,16.25,16.26,16.27,100,500,600,2500,800,1900,16.22
264,132,BRABCBACNPR4BR00,ABCB4,1621874619731124,16.21,16.2,16.19,16.25,16.26,16.27,500,600,700,2500,800,1900,16.23
265,132,BRABCBACNPR4BR00,ABCB4,1621874619731313,16.21,16.2,16.19,16.25,16.26,16.27,600,500,700,2500,800,1900,16.23
266,132,BRABCBACNPR4BR00,ABCB4,1621874619731355,16.21,16.2,16.19,16.25,16.26,16.27,600,500,700,2500,800,1900,16.23
267,132,BRABCBACNPR4BR00,ABCB4,1621874619732544,16.22,16.21,16.2,16.25,16.26,16.27,100,700,500,2500,800,1900,16.23
268,132,BRABCBACNPR4BR00,ABCB4,1621874619804844,16.22,16.21,16.2,16.25,16.26,16.27,300,500,600,2500,800,1900,16.23
269,132,BRABCBACNPR4BR00,ABCB4,1621874619806066,16.23,16.22,16.21,16.25,16.26,16.27,100,400,500,2500,800,1900,16.23
270,132,BRABCBACNPR4BR00,ABCB4,1621874619904908,16.23,16.22,16.21,16.25,16.27,16.28,300,500,600,2500,2300,900,16.23
271,132,BRABCBACNPR4BR00,ABCB4,1621874619906122,16.24,16.23,16.22,16.25,16.27,16.28,100,200,500,2500,2300,900,16.23
272,132,BRABCBACNPR4BR00,ABCB4,1621874619907236,16.23,16.22,16.21,16.25,16.27,16.28,200,500,600,2500,1700,900,16.24
273,132,BRABCBACNPR4BR00,ABCB4,1621874619907300,16.23,16.22,16.21,16.25,16.27,16.28,200,500,600,2500,1700,1500,16.24
274,132,BRABCBACNPR4BR00,ABCB4,1621874619908445,16.24,16.23,16.22,16.25,16.27,16.28,100,200,500,2500,1700,1500,16.24
275,132,BRABCBACNPR4BR00,ABCB4,1621874620005919,16.22,16.21,16.2,16.25,16.27,16.28,500,1000,500,2500,1400,1500,16.24
276,132,BRABCBACNPR4BR00,ABCB4,1621874620006123,16.22,16.21,16.2,16.25,16.27,16.28,600,900,500,2500,1400,1500,16.24
277,132,BRABCBACNPR4BR00,ABCB4,1621874620006587,16.22,16.21,16.2,16.25,16.27,16.28,500,900,500,2500,1400,1500,16.24
278,132,BRABCBACNPR4BR00,ABCB4,1621874620007959,16.23,16.22,16.21,16.25,16.26,16.27,100,400,600,2500,100,1300,16.22
279,132,BRABCBACNPR4BR00,ABCB4,1621874651569477,16.23,16.22,16.21,16.25,16.27,16.28,300,1300,600,2400,1800,2800,16.25
280,132,BRABCBACNPR4BR00,ABCB4,1621874651570732,16.24,16.23,16.22,16.25,16.27,16.28,100,200,1400,2400,1800,2800,16.25
281,132,BRABCBACNPR4BR00,ABCB4,1621874651573930,16.23,16.22,16.21,16.25,16.27,16.28,500,1400,500,1500,1700,2900,16.24
282,132,BRABCBACNPR4BR00,ABCB4,1621874651574182,16.23,16.22,16.21,16.25,16.27,16.28,500,1400,500,1200,1700,2900,16.25
283,132,BRABCBACNPR4BR00,ABCB4,1621874651575414,16.24,16.23,16.22,16.25,16.27,16.28,100,500,1400,1300,1700,2900,16.25
284,132,BRABCBACNPR4BR00,ABCB4,1621874651576524,16.23,16.22,16.21,16.25,16.27,16.28,200,1400,900,1200,1700,2900,16.23
285,132,BRABCBACNPR4BR00,ABCB4,1621874651577239,16.23,16.22,16.21,16.25,16.27,16.28,200,1400,900,1200,1800,2800,16.23
286,132,BRABCBACNPR4BR00,ABCB4,1621874651578351,16.24,16.23,16.22,16.25,16.27,16.28,100,200,1400,1200,1800,2800,16.23
287,132,BRABCBACNPR4BR00,ABCB4,1621874683823143,16.23,16.22,16.21,16.25,16.26,16.27,200,1400,900,600,100,1400,16.24
288,132,BRABCBACNPR4BR00,ABCB4,1621874683823766,16.23,16.22,16.21,16.25,16.26,16.27,200,1400,900,600,100,1400,16.24
289,132,BRABCBACNPR4BR00,ABCB4,1621874683824977,16.24,16.23,16.22,16.25,16.26,16.27,100,200,1400,600,100,2100,16.24
290,132,BRABCBACNPR4BR00,ABCB4,1621874687585476,16.23,16.22,16.21,16.25,16.26,16.27,200,1400,900,300,100,2000,16.24
291,132,BRABCBACNPR4BR00,ABCB4,1621874687587092,16.23,16.22,16.21,16.25,16.26,16.27,400,1400,900,300,100,2000,16.24
292,132,BRABCBACNPR4BR00,ABCB4,1621874687588335,16.24,16.23,16.22,16.25,16.26,16.27,100,400,1400,300,100,2000,16.24
293,132,BRABCBACNPR4BR00,ABCB4,1621874688133445,16.24,16.23,16.22,16.26,16.27,16.28,700,300,1300,400,2000,2700,16.25
294,132,BRABCBACNPR4BR00,ABCB4,1621874688134925,16.25,16.24,16.23,16.26,16.27,16.28,100,800,500,400,1300,2700,16.25
295,132,BRABCBACNPR4BR00,ABCB4,1621874700924155,16.25,16.24,16.23,16.27,16.28,16.29,900,200,600,500,3900,1200,16.26
296,132,BRABCBACNPR4BR00,ABCB4,1621874700929047,16.26,16.25,16.24,16.27,16.28,16.29,100,800,200,500,3500,2500,16.26
297,132,BRABCBACNPR4BR00,ABCB4,1621874700961469,16.25,16.24,16.23,16.27,16.28,16.29,800,500,1000,200,2200,2200,16.26
298,132,BRABCBACNPR4BR00,ABCB4,1621874700962297,16.25,16.24,16.23,16.27,16.28,16.29,800,200,1000,200,2200,2200,16.26
299,132,BRABCBACNPR4BR00,ABCB4,1621874700963593,16.26,16.25,16.24,16.27,16.28,16.29,100,800,200,200,2200,2200,16.26
300,132,BRABCBACNPR4BR00,ABCB4,1621874705899892,16.26,16.25,16.24,16.27,16.28,16.29,600,200,600,200,1300,800,16.26
301,132,BRABCBACNPR4BR00,ABCB4,1621874711235994,16.26,16.25,16.24,16.27,16.28,16.29,600,200,600,200,1300,800,16.26
302,132,BRABCBACNPR4BR00,ABCB4,1621874711237218,16.26,16.25,16.24,16.27,16.28,16.29,700,200,600,200,1300,800,16.26
303,132,BRABCBACNPR4BR00,ABCB4,1621874717406339,16.26,16.25,16.24,16.28,16.29,16.3,900,200,600,1300,700,2600,16.27
304,132,BRABCBACNPR4BR00,ABCB4,1621874717407721,16.27,16.26,16.25,16.28,16.29,16.3,100,800,200,1300,700,2600,16.27
305,132,BRABCBACNPR4BR00,ABCB4,1621874717408624,16.26,16.25,16.24,16.28,16.29,16.3,800,300,500,1300,700,2600,16.27
306,132,BRABCBACNPR4BR00,ABCB4,1621874717408679,16.26,16.25,16.24,16.28,16.29,16.3,800,600,500,700,700,2600,16.27
307,132,BRABCBACNPR4BR00,ABCB4,1621874717409834,16.27,16.26,16.25,16.28,16.29,16.3,100,800,500,400,600,3300,16.27
308,132,BRABCBACNPR4BR00,ABCB4,1621874717908246,16.27,16.26,16.25,16.29,16.3,16.31,900,200,500,1000,3200,600,16.27
309,132,BRABCBACNPR4BR00,ABCB4,1621874717909521,16.28,16.27,16.26,16.29,16.3,16.31,100,600,200,1000,2800,300,16.27
310,132,BRABCBACNPR4BR00,ABCB4,1621874720254607,16.27,16.26,16.25,16.28,16.29,16.3,600,500,900,200,900,900,16.28
311,132,BRABCBACNPR4BR00,ABCB4,1621874720254852,16.27,16.26,16.25,16.28,16.29,16.3,600,500,900,200,900,900,16.28
312,132,BRABCBACNPR4BR00,ABCB4,1621874720255405,16.27,16.26,16.25,16.28,16.29,16.3,600,500,900,200,600,900,16.28
313,132,BRABCBACNPR4BR00,ABCB4,1621874720256668,16.27,16.26,16.25,16.28,16.29,16.3,700,200,900,200,600,1300,16.28
314,132,BRABCBACNPR4BR00,ABCB4,1621874724339125,16.27,16.26,16.25,16.29,16.3,16.31,900,200,900,1000,600,1200,16.28
315,132,BRABCBACNPR4BR00,ABCB4,1621874724340885,16.28,16.27,16.26,16.29,16.3,16.31,100,800,200,1000,500,1200,16.28
316,132,BRABCBACNPR4BR00,ABCB4,1621874760983302,16.28,16.27,16.26,16.29,16.3,16.31,100,1100,500,300,1500,1000,16.28
317,132,BRABCBACNPR4BR00,ABCB4,1621874760984321,16.27,16.26,16.25,16.29,16.3,16.31,1100,500,900,300,1500,1000,16.28
318,138,BRABEVACNOR1BR00,ABEV3,1621873828022213,17.72,17.71,17.7,17.73,17.74,17.75,44400,22700,22000,13500,50800,77600,17.72
319,138,BRABEVACNOR1BR00,ABEV3,1621873828023417,17.72,17.71,17.7,17.73,17.74,17.75,44400,22700,22000,13600,50800,77600,17.72
320,138,BRABEVACNOR1BR00,ABEV3,1621873854078260,17.72,17.71,17.7,17.73,17.74,17.75,41400,22700,22000,5600,44400,77800,17.73
321,138,BRABEVACNOR1BR00,ABEV3,1621873854078316,17.73,17.72,17.71,17.74,17.75,17.76,9800,41400,22700,44400,77800,35500,17.73
322,138,BRABEVACNOR1BR00,ABEV3,1621873854080497,17.73,17.72,17.71,17.74,17.75,17.76,9800,41500,27600,44400,77800,35500,17.73
323,138,BRABEVACNOR1BR00,ABEV3,1621873931433234,17.73,17.72,17.71,17.74,17.75,17.76,52600,12500,29000,43100,83100,35100,17.74
324,138,BRABEVACNOR1BR00,ABEV3,1621873931433415,17.73,17.72,17.71,17.74,17.75,17.76,52600,12500,29000,11400,83100,35100,17.74
325,138,BRABEVACNOR1BR00,ABEV3,1621873931439749,17.73,17.72,17.71,17.74,17.75,17.76,56700,15700,25800,11500,76100,35100,17.74
326,138,BRABEVACNOR1BR00,ABEV3,1621873970154854,17.73,17.72,17.71,17.74,17.75,17.76,39700,12700,34400,33500,85500,38100,17.74
327,138,BRABEVACNOR1BR00,ABEV3,1621873970464538,17.73,17.72,17.71,17.74,17.75,17.76,39700,12700,29000,33500,85500,38100,17.74
328,138,BRABEVACNOR1BR00,ABEV3,1621873970465952,17.73,17.72,17.71,17.74,17.75,17.76,39700,12700,29000,33600,85500,38100,17.74
329,138,BRABEVACNOR1BR00,ABEV3,1621873982244112,17.72,17.71,17.7,17.73,17.74,17.75,12600,29000,23200,1500,33600,93900,17.73
330,138,BRABEVACNOR1BR00,ABEV3,1621873982248122,17.72,17.71,17.7,17.73,17.74,17.75,7300,25800,18200,8400,39800,90700,17.73
331,138,BRABEVACNOR1BR00,ABEV3,1621874016695477,17.72,17.71,17.7,17.73,17.74,17.75,29300,28200,27100,10800,38200,88600,17.73
332,138,BRABEVACNOR1BR00,ABEV3,1621874017227696,17.72,17.71,17.7,17.73,17.74,17.75,29300,28200,27100,10900,38200,88600,17.73
333,138,BRABEVACNOR1BR00,ABEV3,1621874017228896,17.72,17.71,17.7,17.73,17.74,17.75,29300,28200,27100,11000,38200,88600,17.73
334,138,BRABEVACNOR1BR00,ABEV3,1621874087557217,17.72,17.71,17.7,17.73,17.74,17.75,42600,28200,18800,11700,39400,88400,17.73
335,138,BRABEVACNOR1BR00,ABEV3,1621874087557634,17.72,17.71,17.7,17.73,17.74,17.75,42600,28200,18800,11700,36200,88400,17.73
336,138,BRABEVACNOR1BR00,ABEV3,1621874087558849,17.72,17.71,17.7,17.73,17.74,17.75,42600,28200,18800,11800,36200,88400,17.73
337,138,BRABEVACNOR1BR00,ABEV3,1621874096998356,17.72,17.71,17.7,17.73,17.74,17.75,43900,31500,24000,800,37000,88700,17.73
338,138,BRABEVACNOR1BR00,ABEV3,1621874097391076,17.72,17.71,17.7,17.73,17.74,17.75,43900,31500,24000,900,37000,88700,17.73
339,138,BRABEVACNOR1BR00,ABEV3,1621874097392437,17.72,17.71,17.7,17.73,17.74,17.75,43900,31500,24000,1000,37000,88700,17.73
340,138,BRABEVACNOR1BR00,ABEV3,1621874098468984,17.72,17.71,17.7,17.73,17.74,17.75,43000,31500,24000,100,35400,88700,17.72
341,138,BRABEVACNOR1BR00,ABEV3,1621874098470210,17.72,17.71,17.7,17.74,17.75,17.76,43000,31500,24000,35500,88700,38100,17.72
342,138,BRABEVACNOR1BR00,ABEV3,1621874098599731,17.72,17.71,17.7,17.73,17.74,17.75,43000,28200,27200,100,34700,88700,17.72
343,138,BRABEVACNOR1BR00,ABEV3,1621874098600933,17.72,17.71,17.7,17.73,17.74,17.75,43000,31400,24000,200,34600,88700,17.72
344,138,BRABEVACNOR1BR00,ABEV3,1621874100028585,17.72,17.71,17.7,17.74,17.75,17.76,43000,31400,24000,32800,88700,38100,17.74
345,138,BRABEVACNOR1BR00,ABEV3,1621874100029654,17.72,17.71,17.7,17.74,17.75,17.76,43000,31400,24000,32000,88700,38100,17.74
346,138,BRABEVACNOR1BR00,ABEV3,1621874100029963,17.72,17.71,17.7,17.74,17.75,17.76,43000,31400,24000,32000,83200,38100,17.74
347,138,BRABEVACNOR1BR00,ABEV3,1621874100031197,17.72,17.71,17.7,17.74,17.75,17.76,43000,31400,24000,32100,83200,38100,17.74
348,138,BRABEVACNOR1BR00,ABEV3,1621874107366462,17.72,17.71,17.7,17.73,17.74,17.75,32900,29300,23800,11500,31100,80200,17.73
349,138,BRABEVACNOR1BR00,ABEV3,1621874107368420,17.72,17.71,17.7,17.73,17.74,17.75,32800,26200,23800,11600,31800,80300,17.73
350,138,BRABEVACNOR1BR00,ABEV3,1621874107371519,17.72,17.71,17.7,17.73,17.74,17.75,32800,26200,26900,100,35100,85700,17.73
351,138,BRABEVACNOR1BR00,ABEV3,1621874107372867,17.72,17.71,17.7,17.73,17.74,17.75,33400,26200,26900,4200,31900,85700,17.73
352,138,BRABEVACNOR1BR00,ABEV3,1621874107378128,17.72,17.71,17.7,17.73,17.74,17.75,23500,26200,26900,1500,31900,86100,17.73
353,138,BRABEVACNOR1BR00,ABEV3,1621874107379388,17.72,17.71,17.7,17.73,17.74,17.75,23500,26200,26900,1600,31800,86100,17.73
354,138,BRABEVACNOR1BR00,ABEV3,1621874118802788,17.72,17.71,17.7,17.73,17.74,17.75,42600,26200,24100,600,33100,87900,17.73
355,138,BRABEVACNOR1BR00,ABEV3,1621874119216610,17.72,17.71,17.7,17.73,17.74,17.75,42600,26200,24100,700,33100,87900,17.73
356,138,BRABEVACNOR1BR00,ABEV3,1621874119217928,17.72,17.71,17.7,17.73,17.74,17.75,42600,26200,24100,800,33100,87900,17.73
357,138,BRABEVACNOR1BR00,ABEV3,1621874122297406,17.72,17.71,17.7,17.73,17.74,17.75,42400,26200,24100,700,32500,87900,17.73
358,138,BRABEVACNOR1BR00,ABEV3,1621874122298104,17.72,17.71,17.7,17.73,17.74,17.75,42400,29400,23700,700,32500,87900,17.73
359,138,BRABEVACNOR1BR00,ABEV3,1621874122299322,17.72,17.71,17.7,17.73,17.74,17.75,42400,29400,23700,800,32500,87900,17.73
360,138,BRABEVACNOR1BR00,ABEV3,1621874135456232,17.72,17.71,17.7,17.73,17.74,17.75,41900,26200,23700,100,41300,84500,17.73
361,138,BRABEVACNOR1BR00,ABEV3,1621874135456344,17.72,17.71,17.7,17.73,17.74,17.75,41900,26200,23700,100,41300,84500,17.73
362,630,BRALPAACNPR7BR00,ALPA4,1621873834419064,44.11,44.1,44.09,44.15,44.17,44.18,600,900,1500,800,700,1600,44.14
363,630,BRALPAACNPR7BR00,ALPA4,1621873834420683,44.11,44.1,44.09,44.15,44.17,44.18,800,900,1500,800,700,1600,44.14
364,630,BRALPAACNPR7BR00,ALPA4,1621873836574574,44.12,44.11,44.1,44.15,44.17,44.18,200,600,900,800,700,1600,44.14
365,630,BRALPAACNPR7BR00,ALPA4,1621873836575965,44.12,44.11,44.1,44.15,44.17,44.18,300,500,900,800,700,1600,44.14
366,630,BRALPAACNPR7BR00,ALPA4,1621873836942461,44.13,44.12,44.11,44.15,44.17,44.18,100,800,400,800,700,1600,44.14
367,630,BRALPAACNPR7BR00,ALPA4,1621873836943783,44.13,44.12,44.11,44.15,44.17,44.18,100,800,400,800,700,1500,44.14
368,630,BRALPAACNPR7BR00,ALPA4,1621873837642441,44.14,44.13,44.12,44.15,44.17,44.18,200,200,700,800,700,1500,44.14
369,630,BRALPAACNPR7BR00,ALPA4,1621873837643890,44.14,44.13,44.12,44.15,44.17,44.18,100,100,700,800,700,1500,44.14
370,630,BRALPAACNPR7BR00,ALPA4,1621873837644674,44.13,44.12,44.11,44.15,44.17,44.18,100,700,400,800,700,1500,44.14
371,630,BRALPAACNPR7BR00,ALPA4,1621873837644911,44.13,44.12,44.11,44.15,44.17,44.18,100,700,400,800,700,1500,44.14
372,630,BRALPAACNPR7BR00,ALPA4,1621873837656482,44.13,44.12,44.11,44.15,44.17,44.18,100,700,300,800,700,1500,44.14
373,630,BRALPAACNPR7BR00,ALPA4,1621873837657672,44.13,44.12,44.11,44.15,44.17,44.18,200,700,300,800,700,1500,44.14
374,630,BRALPAACNPR7BR00,ALPA4,1621873838413003,44.12,44.11,44.1,44.15,44.17,44.18,700,100,400,900,700,1500,44.13
375,630,BRALPAACNPR7BR00,ALPA4,1621873838413247,44.12,44.11,44.1,44.15,44.17,44.18,700,100,400,900,700,1500,44.13
376,630,BRALPAACNPR7BR00,ALPA4,1621873838413746,44.12,44.11,44.1,44.15,44.17,44.18,700,100,300,900,700,1500,44.13
377,630,BRALPAACNPR7BR00,ALPA4,1621873838415046,44.12,44.11,44.1,44.15,44.17,44.18,100,100,300,1000,700,1500,44.12
378,630,BRALPAACNPR7BR00,ALPA4,1621873838415268,44.11,44.1,44.09,44.15,44.17,44.18,100,300,100,1000,700,1500,44.12
379,630,BRALPAACNPR7BR00,ALPA4,1621873838415504,44.1,44.09,44.08,44.15,44.17,44.18,300,100,300,1000,700,1500,44.11
380,630,BRALPAACNPR7BR00,ALPA4,1621873838415580,44.1,44.09,44.08,44.14,44.15,44.17,300,100,300,500,1000,700,44.11
381,630,BRALPAACNPR7BR00,ALPA4,1621873838416820,44.1,44.09,44.08,44.14,44.15,44.17,400,100,200,800,1000,700,44.11
382,630,BRALPAACNPR7BR00,ALPA4,1621873855731276,44.11,44.1,44.09,44.14,44.15,44.17,900,2000,300,1000,300,1100,44.11
383,630,BRALPAACNPR7BR00,ALPA4,1621873855732511,44.11,44.1,44.09,44.14,44.15,44.17,1300,1900,300,1000,300,1100,44.11
384,630,BRALPAACNPR7BR00,ALPA4,1621873867781539,44.12,44.11,44.1,44.14,44.15,44.16,200,1200,1800,1000,500,100,44.11
385,630,BRALPAACNPR7BR00,ALPA4,1621873867783069,44.12,44.11,44.1,44.15,44.16,44.17,300,1100,1800,500,100,800,44.14
386,630,BRALPAACNPR7BR00,ALPA4,1621873868153270,44.13,44.12,44.11,44.17,44.18,44.19,500,500,1100,800,1500,1900,44.15
387,630,BRALPAACNPR7BR00,ALPA4,1621873868154652,44.13,44.12,44.11,44.17,44.18,44.19,700,400,1100,700,1500,1800,44.15
388,630,BRALPAACNPR7BR00,ALPA4,1621873868286013,44.13,44.12,44.11,44.17,44.18,44.19,100,400,1100,800,1600,1800,44.15
389,630,BRALPAACNPR7BR00,ALPA4,1621873868287262,44.12,44.11,44.1,44.17,44.18,44.19,500,1100,1800,800,1600,1800,44.15
390,630,BRALPAACNPR7BR00,ALPA4,1621873868800920,44.13,44.12,44.11,44.17,44.18,44.19,200,300,1100,800,1600,1900,44.15
391,630,BRALPAACNPR7BR00,ALPA4,1621873868802393,44.13,44.12,44.11,44.17,44.18,44.19,300,200,1100,800,1600,1800,44.15
392,630,BRALPAACNPR7BR00,ALPA4,1621873869834043,44.14,44.13,44.12,44.17,44.18,44.19,200,200,300,800,1600,1900,44.15
393,630,BRALPAACNPR7BR00,ALPA4,1621873869835336,44.14,44.13,44.12,44.17,44.18,44.19,300,100,300,800,1500,900,44.15
394,630,BRALPAACNPR7BR00,ALPA4,1621873870863935,44.15,44.14,44.13,44.17,44.18,44.19,200,200,300,800,1500,1000,44.15
395,630,BRALPAACNPR7BR00,ALPA4,1621873870865268,44.15,44.14,44.13,44.17,44.18,44.19,300,100,300,800,1500,1000,44.15
396,630,BRALPAACNPR7BR00,ALPA4,1621873871890124,44.16,44.15,44.14,44.17,44.18,44.19,200,200,500,800,1500,1000,44.15
397,630,BRALPAACNPR7BR00,ALPA4,1621873871896478,44.16,44.15,44.14,44.17,44.18,44.19,100,100,500,800,1500,900,44.16
398,630,BRALPAACNPR7BR00,ALPA4,1621873871906048,44.16,44.15,44.14,44.17,44.18,44.19,100,100,500,800,1500,900,44.16
399,630,BRALPAACNPR7BR00,ALPA4,1621873871908188,44.15,44.14,44.13,44.17,44.18,44.19,100,500,100,800,1500,900,44.16
400,630,BRALPAACNPR7BR00,ALPA4,1621873871910965,44.15,44.14,44.13,44.17,44.18,44.19,100,500,100,800,1500,900,44.16
401,630,BRALPAACNPR7BR00,ALPA4,1621873883536760,44.16,44.15,44.14,44.18,44.19,44.2,100,900,700,1800,600,700,44.17
402,630,BRALPAACNPR7BR00,ALPA4,1621873883538035,44.16,44.15,44.14,44.18,44.19,44.2,200,800,700,1800,600,700,44.17
403,630,BRALPAACNPR7BR00,ALPA4,1621873885057505,44.15,44.14,44.12,44.17,44.18,44.19,700,500,200,600,500,600,44.16
404,630,BRALPAACNPR7BR00,ALPA4,1621873885057751,44.15,44.14,44.12,44.17,44.18,44.19,700,500,200,600,500,600,44.16
405,630,BRALPAACNPR7BR00,ALPA4,1621873885058812,44.14,44.12,44.11,44.17,44.18,44.19,500,200,900,600,500,600,44.15
406,630,BRALPAACNPR7BR00,ALPA4,1621873885060100,44.14,44.12,44.11,44.16,44.17,44.18,600,100,900,500,600,500,44.15
407,630,BRALPAACNPR7BR00,ALPA4,1621873885060230,44.14,44.12,44.11,44.16,44.17,44.18,100,100,900,500,600,500,44.14
408,630,BRALPAACNPR7BR00,ALPA4,1621873885061499,44.12,44.11,44.09,44.16,44.17,44.18,100,900,100,500,700,600,44.14
409,630,BRALPAACNPR7BR00,ALPA4,1621873885062407,44.12,44.11,44.09,44.16,44.17,44.18,100,900,100,500,700,500,44.14
410,630,BRALPAACNPR7BR00,ALPA4,1621873885063617,44.12,44.11,44.09,44.16,44.17,44.18,200,900,100,500,800,500,44.14
411,630,BRALPAACNPR7BR00,ALPA4,1621873908685814,44.13,44.12,44.11,44.15,44.17,44.18,100,1400,1000,900,500,500,44.12
412,630,BRALPAACNPR7BR00,ALPA4,1621873908687072,44.13,44.12,44.11,44.15,44.17,44.18,300,1200,1000,900,500,500,44.12
413,630,BRALPAACNPR7BR00,ALPA4,1621873924057742,44.14,44.13,44.12,44.16,44.17,44.18,500,700,1200,400,100,300,44.15
414,630,BRALPAACNPR7BR00,ALPA4,1621873924059222,44.14,44.13,44.12,44.16,44.18,44.19,800,500,1200,400,400,600,44.15
415,630,BRALPAACNPR7BR00,ALPA4,1621873927794361,44.15,44.14,44.13,44.18,44.19,44.2,100,400,500,400,600,700,44.16
416,630,BRALPAACNPR7BR00,ALPA4,1621873927795645,44.15,44.14,44.13,44.18,44.19,44.2,300,200,500,400,600,600,44.16
417,630,BRALPAACNPR7BR00,ALPA4,1621873928818661,44.16,44.15,44.14,44.18,44.19,44.2,100,300,200,400,500,700,44.16
418,630,BRALPAACNPR7BR00,ALPA4,1621873928820099,44.16,44.15,44.14,44.18,44.19,44.2,300,100,200,400,500,700,44.16
419,630,BRALPAACNPR7BR00,ALPA4,1621873929837194,44.17,44.16,44.15,44.18,44.19,44.2,100,200,100,500,500,700,44.16
420,630,BRALPAACNPR7BR00,ALPA4,1621873929838751,44.15,44.14,44.13,44.18,44.19,44.2,100,200,500,500,500,700,44.16
421,630,BRALPAACNPR7BR00,ALPA4,1621873929839032,44.15,44.14,44.13,44.18,44.19,44.2,100,100,500,500,500,700,44.16
422,630,BRALPAACNPR7BR00,ALPA4,1621873929840225,44.15,44.14,44.13,44.18,44.19,44.2,100,100,400,600,500,700,44.15
423,630,BRALPAACNPR7BR00,ALPA4,1621873929840651,44.15,44.14,44.13,44.17,44.18,44.19,100,100,400,500,600,500,44.15
424,630,BRALPAACNPR7BR00,ALPA4,1621873929841864,44.13,44.12,44.11,44.17,44.18,44.19,400,100,900,500,600,600,44.15
425,630,BRALPAACNPR7BR00,ALPA4,1621873929841908,44.13,44.12,44.11,44.17,44.18,44.19,400,100,900,600,600,600,44.15
426,630,BRALPAACNPR7BR00,ALPA4,1621873929843246,44.15,44.13,44.12,44.17,44.18,44.19,100,500,100,600,700,500,44.15
427,630,BRALPAACNPR7BR00,ALPA4,1621873960613773,44.14,44.13,44.12,44.18,44.19,44.2,200,1400,200,800,600,700,44.15
428,630,BRALPAACNPR7BR00,ALPA4,1621873960615226,44.14,44.13,44.12,44.18,44.19,44.2,400,1300,200,800,600,700,44.15
429,630,BRALPAACNPR7BR00,ALPA4,1621873960749840,44.15,44.14,44.13,44.18,44.19,44.2,500,900,1100,100,500,600,44.18
430,630,BRALPAACNPR7BR00,ALPA4,1621873960751095,44.15,44.14,44.13,44.18,44.19,44.2,700,800,1100,100,500,600,44.18
431,630,BRALPAACNPR7BR00,ALPA4,1621873961639396,44.16,44.15,44.14,44.19,44.2,44.21,200,300,100,700,600,1800,44.18
432,630,BRALPAACNPR7BR00,ALPA4,1621873961640709,44.16,44.15,44.14,44.19,44.2,44.21,300,200,100,700,500,700,44.18
433,630,BRALPAACNPR7BR00,ALPA4,1621873962661518,44.17,44.16,44.14,44.19,44.2,44.21,200,200,100,800,500,900,44.18
434,630,BRALPAACNPR7BR00,ALPA4,1621873962662846,44.17,44.16,44.14,44.19,44.2,44.21,100,100,100,700,500,900,44.17
435,630,BRALPAACNPR7BR00,ALPA4,1621873962663243,44.17,44.16,44.13,44.19,44.2,44.21,100,100,300,700,500,900,44.17
436,630,BRALPAACNPR7BR00,ALPA4,1621873962664403,44.16,44.13,44.12,44.19,44.2,44.21,200,300,200,800,500,900,44.17
437,630,BRALPAACNPR7BR00,ALPA4,1621873964488211,44.17,44.16,44.15,44.19,44.2,44.21,100,200,200,800,500,900,44.17
438,630,BRALPAACNPR7BR00,ALPA4,1621873964489435,44.17,44.16,44.15,44.19,44.2,44.21,200,100,200,700,500,900,44.17
439,630,BRALPAACNPR7BR00,ALPA4,1621873985433408,44.18,44.17,44.16,44.19,44.2,44.21,200,1100,400,600,700,700,44.19
440,630,BRALPAACNPR7BR00,ALPA4,1621873985434604,44.18,44.17,44.16,44.19,44.2,44.21,300,1000,400,600,700,600,44.19
441,630,BRALPAACNPR7BR00,ALPA4,1621873985436192,44.17,44.16,44.14,44.19,44.2,44.21,1000,400,100,600,700,600,44.18
442,630,BRALPAACNPR7BR00,ALPA4,1621873985436453,44.17,44.16,44.14,44.19,44.2,44.21,1000,400,100,600,700,600,44.18
443,630,BRALPAACNPR7BR00,ALPA4,1621873985437117,44.17,44.16,44.14,44.19,44.2,44.21,1000,400,100,700,700,600,44.18
444,630,BRALPAACNPR7BR00,ALPA4,1621873985438429,44.17,44.16,44.14,44.18,44.19,44.2,100,400,100,500,700,700,44.17
445,630,BRALPAACNPR7BR00,ALPA4,1621873985439541,44.17,44.16,44.14,44.18,44.19,44.2,100,400,100,500,700,700,44.17
446,630,BRALPAACNPR7BR00,ALPA4,1621873985447435,44.17,44.16,44.14,44.18,44.19,44.2,100,400,100,500,800,700,44.17
447,630,BRALPAACNPR7BR00,ALPA4,1621873985448607,44.17,44.14,44.13,44.19,44.2,44.21,100,100,100,700,700,700,44.16
448,630,BRALPAACNPR7BR00,ALPA4,1621873985448827,44.17,44.14,44.13,44.18,44.19,44.2,100,100,100,500,700,700,44.16
449,630,BRALPAACNPR7BR00,ALPA4,1621873985449570,44.14,44.12,44.11,44.18,44.19,44.2,100,200,900,500,1300,800,44.17
450,630,BRALPAACNPR7BR00,ALPA4,1621873985450306,44.14,44.12,44.11,44.18,44.19,44.2,200,200,900,500,1300,800,44.17
451,630,BRALPAACNPR7BR00,ALPA4,1621873985451533,44.14,44.12,44.11,44.18,44.19,44.2,300,200,900,500,1300,700,44.17
452,630,BRALPAACNPR7BR00,ALPA4,1621873990406549,44.15,44.14,44.12,44.19,44.2,44.21,200,1300,200,1100,900,700,44.17
453,630,BRALPAACNPR7BR00,ALPA4,1621873990407926,44.15,44.14,44.12,44.19,44.2,44.21,400,1200,200,1100,800,700,44.17
454,630,BRALPAACNPR7BR00,ALPA4,1621873994382015,44.16,44.15,44.14,44.19,44.2,44.21,100,500,1200,1200,700,700,44.17
455,630,BRALPAACNPR7BR00,ALPA4,1621873994383172,44.16,44.15,44.14,44.19,44.2,44.21,200,400,1200,1200,700,700,44.17
456,630,BRALPAACNPR7BR00,ALPA4,1621873997883975,44.17,44.16,44.15,44.19,44.2,44.21,500,1100,500,500,600,800,44.19
457,630,BRALPAACNPR7BR00,ALPA4,1621873997885450,44.17,44.16,44.15,44.19,44.2,44.21,700,1000,500,500,600,700,44.19
458,630,BRALPAACNPR7BR00,ALPA4,1621873997908450,44.17,44.16,44.15,44.19,44.2,44.21,100,1000,500,500,600,700,44.19
459,630,BRALPAACNPR7BR00,ALPA4,1621873997909686,44.16,44.15,44.14,44.19,44.2,44.21,1100,500,1200,500,600,700,44.19
460,630,BRALPAACNPR7BR00,ALPA4,1621874016571480,44.17,44.16,44.15,44.2,44.21,44.22,500,2900,400,500,700,800,44.19
461,630,BRALPAACNPR7BR00,ALPA4,1621874016572791,44.17,44.16,44.15,44.21,44.22,44.23,900,2800,400,600,800,1600,44.2
462,630,BRALPAACNPR7BR00,ALPA4,1621874016573472,44.18,44.17,44.16,44.21,44.22,44.23,500,900,2800,600,700,1600,44.2
463,630,BRALPAACNPR7BR00,ALPA4,1621874016574673,44.18,44.17,44.16,44.21,44.22,44.23,700,800,2700,600,700,1600,44.2
464,630,BRALPAACNPR7BR00,ALPA4,1621874023634523,44.19,44.18,44.17,44.2,44.21,44.22,100,1500,500,200,900,700,44.2
465,630,BRALPAACNPR7BR00,ALPA4,1621874023635873,44.19,44.18,44.17,44.2,44.21,44.22,200,1400,500,200,900,600,44.2
466,630,BRALPAACNPR7BR00,ALPA4,1621874044450556,44.2,44.19,44.18,44.22,44.23,44.24,100,3000,1200,100,500,900,44.2
467,630,BRALPAACNPR7BR00,ALPA4,1621874044452027,44.2,44.19,44.18,44.23,44.24,44.25,200,2900,1200,500,800,2100,44.22
468,630,BRALPAACNPR7BR00,ALPA4,1621874045261391,44.21,44.2,44.19,44.23,44.24,44.25,100,200,2900,600,700,2200,44.22
469,630,BRALPAACNPR7BR00,ALPA4,1621874045262649,44.21,44.2,44.19,44.23,44.24,44.25,200,100,2900,600,700,1100,44.22
470,630,BRALPAACNPR7BR00,ALPA4,1621874045479089,44.22,44.21,44.19,44.23,44.24,44.25,100,200,2900,600,700,1100,44.22
471,630,BRALPAACNPR7BR00,ALPA4,1621874045480576,44.22,44.21,44.19,44.23,44.24,44.25,100,200,2800,600,700,1100,44.22
472,630,BRALPAACNPR7BR00,ALPA4,1621874045481268,44.21,44.19,44.18,44.23,44.24,44.25,200,2800,1200,600,700,1100,44.22
473,630,BRALPAACNPR7BR00,ALPA4,1621874045481560,44.21,44.19,44.18,44.23,44.24,44.25,200,2800,1200,700,700,1100,44.22
474,630,BRALPAACNPR7BR00,ALPA4,1621874045482401,44.19,44.18,44.17,44.23,44.24,44.25,2800,1200,300,700,700,1100,44.21
475,630,BRALPAACNPR7BR00,ALPA4,1621874045483715,44.19,44.18,44.17,44.23,44.24,44.25,2900,1200,200,700,800,1000,44.21
476,630,BRALPAACNPR7BR00,ALPA4,1621874049126243,44.2,44.19,44.18,44.24,44.25,44.26,500,4200,300,700,1100,400,44.23
477,630,BRALPAACNPR7BR00,ALPA4,1621874049127914,44.2,44.19,44.18,44.24,44.25,44.26,700,4100,300,600,1100,400,44.23
478,630,BRALPAACNPR7BR00,ALPA4,1621874049128645,44.21,44.2,44.19,44.24,44.25,44.26,100,700,4000,600,1100,400,44.23
479,630,BRALPAACNPR7BR00,ALPA4,1621874049129795,44.21,44.2,44.19,44.24,44.25,44.26,200,600,4000,600,1100,400,44.23
480,630,BRALPAACNPR7BR00,ALPA4,1621874067340235,44.22,44.21,44.2,44.23,44.24,44.25,400,1300,300,200,600,1700,44.23
481,630,BRALPAACNPR7BR00,ALPA4,1621874067341671,44.22,44.21,44.2,44.23,44.24,44.25,500,1200,300,200,600,1600,44.23
482,630,BRALPAACNPR7BR00,ALPA4,1621874068807007,44.21,44.19,44.18,44.23,44.24,44.25,1200,1200,200,200,700,1600,44.22
483,630,BRALPAACNPR7BR00,ALPA4,1621874068807105,44.21,44.19,44.18,44.23,44.24,44.25,1200,1200,200,200,700,1600,44.22
484,630,BRALPAACNPR7BR00,ALPA4,1621874068808120,44.19,44.18,44.17,44.23,44.24,44.25,1200,200,200,200,700,1600,44.21
485,630,BRALPAACNPR7BR00,ALPA4,1621874068809517,44.19,44.18,44.17,44.22,44.23,44.24,1300,200,200,500,800,700,44.21
486,630,BRALPAACNPR7BR00,ALPA4,1621874068962138,44.21,44.19,44.18,44.22,44.23,44.24,100,1300,200,1200,600,1000,44.21
487,630,BRALPAACNPR7BR00,ALPA4,1621874068963760,44.21,44.19,44.18,44.22,44.23,44.24,100,1200,200,700,100,900,44.21
488,630,BRALPAACNPR7BR00,ALPA4,1621874068970887,44.22,44.21,44.19,44.23,44.24,44.25,400,100,1200,100,900,1600,44.22
489,630,BRALPAACNPR7BR00,ALPA4,1621874068972408,44.22,44.19,44.18,44.23,44.24,44.25,500,1200,200,100,700,1600,44.22
490,630,BRALPAACNPR7BR00,ALPA4,1621874069474823,44.22,44.19,44.18,44.23,44.24,44.25,1100,1200,200,200,700,1600,44.22
491,630,BRALPAACNPR7BR00,ALPA4,1621874069475340,44.22,44.19,44.18,44.23,44.24,44.25,1100,1200,200,200,700,1600,44.22
492,630,BRALPAACNPR7BR00,ALPA4,1621874069476575,44.22,44.19,44.18,44.23,44.24,44.25,1200,1200,200,200,700,1600,44.22
493,630,BRALPAACNPR7BR00,ALPA4,1621874069825091,44.23,44.22,44.19,44.26,44.28,44.29,500,2700,1200,200,100,100,44.25
494,630,BRALPAACNPR7BR00,ALPA4,1621874069826776,44.26,44.23,44.22,44.27,44.29,44.3,200,900,2600,100,1000,1900,44.26
495,630,BRALPAACNPR7BR00,ALPA4,1621874069827382,44.26,44.23,44.22,44.29,44.3,44.31,200,900,2600,1000,1900,200,44.26
496,630,BRALPAACNPR7BR00,ALPA4,1621874069828611,44.26,44.23,44.22,44.29,44.3,44.31,300,800,2600,1000,1900,200,44.26
497,630,BRALPAACNPR7BR00,ALPA4,1621874073272776,44.27,44.26,44.23,44.29,44.3,44.31,200,1700,300,700,1900,300,44.26
498,630,BRALPAACNPR7BR00,ALPA4,1621874073274142,44.27,44.26,44.23,44.29,44.3,44.31,500,1600,300,700,1900,200,44.26
499,630,BRALPAACNPR7BR00,ALPA4,1621874082165125,44.27,44.26,44.25,44.29,44.3,44.31,3400,1500,100,600,1900,200,44.26
500,630,BRALPAACNPR7BR00,ALPA4,1621874082165281,44.27,44.26,44.25,44.29,44.3,44.31,100,1500,100,600,1900,200,44.27
501,630,BRALPAACNPR7BR00,ALPA4,1621874082166967,44.27,44.26,44.25,44.29,44.3,44.31,100,1000,100,1200,1900,200,44.26
502,630,BRALPAACNPR7BR00,ALPA4,1621874082167222,44.26,44.25,44.23,44.29,44.3,44.31,1000,100,300,1200,1900,200,44.27
503,630,BRALPAACNPR7BR00,ALPA4,1621874082167478,44.26,44.25,44.23,44.29,44.3,44.31,1000,100,300,1200,1900,200,44.27
504,630,BRALPAACNPR7BR00,ALPA4,1621874082167791,44.26,44.25,44.23,44.28,44.29,44.3,1000,100,300,500,1200,1900,44.27
505,630,BRALPAACNPR7BR00,ALPA4,1621874082169169,44.26,44.25,44.23,44.28,44.29,44.3,200,100,300,700,1100,1900,44.26
506,630,BRALPAACNPR7BR00,ALPA4,1621874082242586,44.25,44.23,44.22,44.28,44.29,44.3,100,300,100,2600,100,2000,44.26
507,630,BRALPAACNPR7BR00,ALPA4,1621874082242796,44.25,44.23,44.22,44.28,44.29,44.3,100,300,100,2600,100,2000,44.26
508,630,BRALPAACNPR7BR00,ALPA4,1621874082243836,44.25,44.23,44.22,44.28,44.29,44.3,100,300,100,2600,100,1900,44.26
509,630,BRALPAACNPR7BR00,ALPA4,1621874082245065,44.25,44.23,44.22,44.28,44.29,44.3,200,300,100,2600,200,1900,44.26
510,630,BRALPAACNPR7BR00,ALPA4,1621874082317558,44.26,44.25,44.23,44.28,44.29,44.3,100,200,300,2600,200,2000,44.26
511,630,BRALPAACNPR7BR00,ALPA4,1621874082318924,44.25,44.23,44.22,44.28,44.29,44.3,100,300,100,2600,100,1900,44.26
512,630,BRALPAACNPR7BR00,ALPA4,1621874082319133,44.25,44.23,44.22,44.28,44.29,44.3,100,300,100,2600,100,1900,44.26
513,630,BRALPAACNPR7BR00,ALPA4,1621874082319879,44.25,44.23,44.22,44.28,44.29,44.3,100,300,100,2600,100,2000,44.26
514,630,BRALPAACNPR7BR00,ALPA4,1621874082321087,44.25,44.23,44.22,44.28,44.29,44.3,200,200,100,2600,200,1900,44.26
515,630,BRALPAACNPR7BR00,ALPA4,1621874089746280,44.24,44.23,44.22,44.25,44.29,44.3,200,200,200,100,2200,2000,44.25
516,630,BRALPAACNPR7BR00,ALPA4,1621874089746349,44.24,44.23,44.22,44.25,44.29,44.3,200,200,200,100,2200,2000,44.25
517,630,BRALPAACNPR7BR00,ALPA4,1621874089748089,44.24,44.23,44.22,44.25,44.28,44.29,200,200,200,100,100,2200,44.25
518,630,BRALPAACNPR7BR00,ALPA4,1621874089749320,44.24,44.23,44.22,44.25,44.28,44.29,300,200,200,2100,100,200,44.25
519,630,BRALPAACNPR7BR00,ALPA4,1621874099292181,44.24,44.23,44.22,44.26,44.28,44.29,700,100,200,1300,100,200,44.24
520,630,BRALPAACNPR7BR00,ALPA4,1621874099665500,44.24,44.23,44.22,44.26,44.28,44.29,700,100,200,1400,100,200,44.24
521,630,BRALPAACNPR7BR00,ALPA4,1621874099666861,44.24,44.23,44.22,44.26,44.28,44.29,800,100,200,1400,100,200,44.24
522,630,BRALPAACNPR7BR00,ALPA4,1621874106328577,44.24,44.23,44.22,44.26,44.27,44.28,1300,100,100,5600,2300,200,44.24
523,630,BRALPAACNPR7BR00,ALPA4,1621874106329391,44.23,44.22,44.17,44.26,44.27,44.28,100,100,200,5600,2300,200,44.24
524,630,BRALPAACNPR7BR00,ALPA4,1621874106331100,44.23,44.22,44.17,44.25,44.26,44.27,100,100,200,800,3300,2400,44.23
525,630,BRALPAACNPR7BR00,ALPA4,1621874106331535,44.23,44.22,44.17,44.25,44.26,44.27,100,100,200,800,3300,2400,44.23
526,630,BRALPAACNPR7BR00,ALPA4,1621874106332793,44.22,44.17,44.16,44.24,44.25,44.26,200,700,600,500,700,3400,44.23
527,630,BRALPAACNPR7BR00,ALPA4,1621874106332816,44.22,44.17,44.16,44.24,44.25,44.26,200,700,600,500,700,3400,44.23
528,630,BRALPAACNPR7BR00,ALPA4,1621874106334191,44.22,44.21,44.18,44.24,44.25,44.26,100,100,500,500,200,3400,44.23
529,630,BRALPAACNPR7BR00,ALPA4,1621874106342392,44.22,44.21,44.18,44.24,44.25,44.26,100,100,500,500,200,3400,44.23
530,630,BRALPAACNPR7BR00,ALPA4,1621874106343698,44.22,44.18,44.17,44.24,44.25,44.26,200,500,800,500,200,3400,44.23
531,630,BRALPAACNPR7BR00,ALPA4,1621874106463398,44.24,44.22,44.18,44.25,44.26,44.27,100,200,500,4800,3400,2300,44.23
532,630,BRALPAACNPR7BR00,ALPA4,1621874106465066,44.23,44.22,44.18,44.25,44.26,44.27,100,100,500,4800,3300,2300,44.24
533,630,BRALPAACNPR7BR00,ALPA4,1621874106465136,44.18,44.17,44.16,44.25,44.26,44.27,500,800,600,4800,3300,2300,44.22
534,630,BRALPAACNPR7BR00,ALPA4,1621874106465305,44.18,44.17,44.16,44.25,44.26,44.27,500,800,600,4800,3300,2300,44.22
535,630,BRALPAACNPR7BR00,ALPA4,1621874106465821,44.18,44.17,44.16,44.25,44.26,44.27,600,800,600,4800,3300,2300,44.22
536,630,BRALPAACNPR7BR00,ALPA4,1621874106467129,44.18,44.17,44.16,44.24,44.25,44.26,700,300,600,500,2600,3300,44.22
537,630,BRALPAACNPR7BR00,ALPA4,1621874106467780,44.19,44.18,44.17,44.24,44.25,44.26,500,700,300,800,2500,3300,44.22
538,630,BRALPAACNPR7BR00,ALPA4,1621874106469020,44.19,44.18,44.17,44.24,44.25,44.26,700,100,300,800,2500,3300,44.22
539,630,BRALPAACNPR7BR00,ALPA4,1621874106513104,44.19,44.18,44.17,44.24,44.25,44.26,100,100,300,5400,2500,3300,44.22
540,630,BRALPAACNPR7BR00,ALPA4,1621874106514531,44.18,44.17,44.16,44.24,44.25,44.26,200,800,600,5400,2500,3300,44.22
541,630,BRALPAACNPR7BR00,ALPA4,1621874106515542,44.18,44.17,44.16,44.24,44.25,44.26,100,800,600,5400,2500,3300,44.22
542,630,BRALPAACNPR7BR00,ALPA4,1621874106516715,44.17,44.16,44.15,44.24,44.25,44.26,900,600,2900,5400,2500,3300,44.22
543,630,BRALPAACNPR7BR00,ALPA4,1621874106517338,44.18,44.17,44.16,44.24,44.25,44.26,500,700,600,5400,2500,3300,44.22
544,630,BRALPAACNPR7BR00,ALPA4,1621874106518655,44.18,44.17,44.16,44.23,44.24,44.25,600,600,600,500,5400,2500,44.22
545,630,BRALPAACNPR7BR00,ALPA4,1621874106592716,44.18,44.17,44.16,44.23,44.24,44.25,100,100,600,6100,2600,2500,44.22
546,630,BRALPAACNPR7BR00,ALPA4,1621874106594040,44.17,44.16,44.15,44.23,44.24,44.25,200,600,2900,6200,2500,2500,44.22
547,630,BRALPAACNPR7BR00,ALPA4,1621874107095120,44.17,44.16,44.15,44.21,44.22,44.23,100,600,2900,500,4200,2400,44.22
548,630,BRALPAACNPR7BR00,ALPA4,1621874107096438,44.16,44.15,44.14,44.21,44.22,44.23,700,2900,200,700,3700,2400,44.22
549,630,BRALPAACNPR7BR00,ALPA4,1621874107096601,44.17,44.16,44.15,44.21,44.22,44.23,100,700,2900,700,3700,2400,44.22
550,630,BRALPAACNPR7BR00,ALPA4,1621874107097792,44.17,44.16,44.15,44.21,44.22,44.23,200,600,2900,700,3700,2400,44.22
551,630,BRALPAACNPR7BR00,ALPA4,1621874107275066,44.17,44.16,44.15,44.21,44.22,44.23,100,600,2900,5300,3700,2400,44.22
552,630,BRALPAACNPR7BR00,ALPA4,1621874107276299,44.16,44.15,44.14,44.21,44.22,44.23,700,2900,200,5300,3700,2400,44.22
553,630,BRALPAACNPR7BR00,ALPA4,1621874107635616,44.16,44.15,44.14,44.21,44.22,44.23,100,600,200,6500,2600,2400,44.22
554,630,BRALPAACNPR7BR00,ALPA4,1621874107636932,44.15,44.14,44.1,44.2,44.21,44.22,700,200,100,500,6500,2600,44.22
555,630,BRALPAACNPR7BR00,ALPA4,1621874114433511,44.16,44.15,44.14,44.2,44.21,44.22,500,900,700,5600,2700,2600,44.2
556,630,BRALPAACNPR7BR00,ALPA4,1621874114434865,44.16,44.15,44.14,44.2,44.21,44.22,700,800,700,5600,2700,2600,44.2
557,630,BRALPAACNPR7BR00,ALPA4,1621874114435520,44.17,44.16,44.15,44.2,44.21,44.22,500,700,800,5600,2700,2600,44.2
558,630,BRALPAACNPR7BR00,ALPA4,1621874114436761,44.17,44.16,44.15,44.2,44.21,44.22,700,600,800,5600,2600,2600,44.2
559,630,BRALPAACNPR7BR00,ALPA4,1621874120080327,44.17,44.16,44.15,44.2,44.21,44.22,100,600,400,5600,2600,2700,44.2
560,630,BRALPAACNPR7BR00,ALPA4,1621874120081758,44.16,44.15,44.14,44.2,44.21,44.22,700,400,700,5600,2700,2600,44.2
561,630,BRALPAACNPR7BR00,ALPA4,1621874120085410,44.16,44.15,44.14,44.2,44.21,44.22,100,400,700,6200,2700,2600,44.2
562,630,BRALPAACNPR7BR00,ALPA4,1621874120086684,44.15,44.14,44.13,44.2,44.21,44.22,500,700,500,6200,2700,2600,44.2
563,630,BRALPAACNPR7BR00,ALPA4,1621874125587755,44.16,44.15,44.14,44.2,44.21,44.22,500,2500,900,6200,2700,2600,44.2
564,630,BRALPAACNPR7BR00,ALPA4,1621874125589289,44.16,44.15,44.14,44.2,44.21,44.22,700,2400,900,6300,2700,2600,44.2
565,630,BRALPAACNPR7BR00,ALPA4,1621874126112351,44.17,44.16,44.15,44.2,44.21,44.22,100,800,2300,6300,2700,2600,44.2
566,630,BRALPAACNPR7BR00,ALPA4,1621874126113785,44.17,44.16,44.15,44.2,44.21,44.22,200,700,2300,6300,2700,2600,44.2
567,630,BRALPAACNPR7BR00,ALPA4,1621874151669539,44.18,44.17,44.16,44.2,44.21,44.22,200,600,700,6300,2600,2700,44.2
568,630,BRALPAACNPR7BR00,ALPA4,1621874151670817,44.18,44.17,44.16,44.2,44.21,44.22,100,500,700,6300,2600,2700,44.18
569,630,BRALPAACNPR7BR00,ALPA4,1621874151671308,44.18,44.17,44.16,44.2,44.21,44.22,100,500,200,6300,2600,2700,44.18
570,630,BRALPAACNPR7BR00,ALPA4,1621874151671996,44.17,44.16,44.15,44.2,44.21,44.22,500,200,200,6300,2600,2700,44.18
571,630,BRALPAACNPR7BR00,ALPA4,1621874151672961,44.16,44.15,44.14,44.2,44.21,44.22,200,200,300,6300,2600,2700,44.17
572,630,BRALPAACNPR7BR00,ALPA4,1621874151674209,44.16,44.15,44.14,44.2,44.21,44.22,200,200,300,6300,2600,2700,44.17
573,630,BRALPAACNPR7BR00,ALPA4,1621874151675852,44.15,44.14,44.13,44.19,44.2,44.21,100,300,500,700,4400,2600,44.16
574,630,BRALPAACNPR7BR00,ALPA4,1621874151676032,44.15,44.14,44.13,44.19,44.2,44.21,100,300,500,700,4400,2600,44.16
575,630,BRALPAACNPR7BR00,ALPA4,1621874151677007,44.15,44.14,44.13,44.19,44.2,44.21,100,200,500,700,4400,2600,44.16
576,630,BRALPAACNPR7BR00,ALPA4,1621874151678119,44.15,44.14,44.13,44.19,44.2,44.21,200,200,500,700,4400,2600,44.16
577,630,BRALPAACNPR7BR00,ALPA4,1621874153268292,44.14,44.13,44.12,44.19,44.2,44.21,200,500,200,6800,2700,2600,44.15
578,630,BRALPAACNPR7BR00,ALPA4,1621874153268497,44.14,44.13,44.12,44.19,44.2,44.21,200,500,200,6800,2700,2600,44.15
579,630,BRALPAACNPR7BR00,ALPA4,1621874153269562,44.14,44.13,44.12,44.18,44.19,44.2,200,500,200,500,6800,2700,44.15
580,630,BRALPAACNPR7BR00,ALPA4,1621874153271055,44.14,44.12,44.11,44.18,44.19,44.2,200,200,500,600,4600,2600,44.15
581,630,BRALPAACNPR7BR00,ALPA4,1621874153271255,44.14,44.12,44.11,44.18,44.19,44.2,100,100,500,800,4600,2600,44.14
582,630,BRALPAACNPR7BR00,ALPA4,1621874153272730,44.12,44.11,44.1,44.17,44.18,44.19,100,500,600,500,700,4600,44.14
583,790,BRALSOACNOR5BR00,ALSO3,1621873828776179,28.78,28.77,28.76,28.81,28.82,28.83,500,300,1500,2600,1100,10400,28.81
584,790,BRALSOACNOR5BR00,ALSO3,1621873828777463,28.78,28.77,28.76,28.81,28.82,28.83,500,200,1500,2700,1100,10400,28.81
585,790,BRALSOACNOR5BR00,ALSO3,1621873831203730,28.77,28.76,28.75,28.8,28.81,28.82,300,1300,3200,300,2400,1300,28.78
586,790,BRALSOACNOR5BR00,ALSO3,1621873831205250,28.77,28.76,28.75,28.8,28.81,28.82,400,1300,3200,900,2300,1300,28.78
587,790,BRALSOACNOR5BR00,ALSO3,1621873968276963,28.77,28.76,28.75,28.78,28.8,28.81,900,3000,1800,1000,3000,10900,28.77
588,790,BRALSOACNOR5BR00,ALSO3,1621873968278316,28.77,28.76,28.75,28.78,28.79,28.8,800,3000,1800,1100,200,2900,28.77
589,790,BRALSOACNOR5BR00,ALSO3,1621873977042992,28.76,28.75,28.74,28.77,28.78,28.79,3400,1600,500,700,3200,1100,28.77
590,790,BRALSOACNOR5BR00,ALSO3,1621873977044303,28.76,28.75,28.74,28.77,28.78,28.79,3200,1600,300,800,3200,1300,28.77
591,790,BRALSOACNOR5BR00,ALSO3,1621873981004231,28.76,28.75,28.74,28.77,28.78,28.79,1000,1900,400,400,3100,1000,28.77
592,790,BRALSOACNOR5BR00,ALSO3,1621873981004643,28.76,28.75,28.74,28.77,28.78,28.79,1000,1900,400,400,2600,1000,28.77
593,790,BRALSOACNOR5BR00,ALSO3,1621873981005754,28.76,28.75,28.74,28.77,28.78,28.79,400,1900,400,500,2600,1000,28.77
594,790,BRALSOACNOR5BR00,ALSO3,1621874015064228,28.75,28.74,28.73,28.76,28.77,28.78,1700,200,600,100,2600,1400,28.76
595,790,BRALSOACNOR5BR00,ALSO3,1621874015065549,28.75,28.74,28.73,28.76,28.77,28.78,1700,100,400,400,2500,1400,28.76
596,790,BRALSOACNOR5BR00,ALSO3,1621874016551910,28.75,28.74,28.73,28.76,28.77,28.78,1500,600,400,100,3100,900,28.76
597,790,BRALSOACNOR5BR00,ALSO3,1621874016553263,28.75,28.74,28.73,28.77,28.78,28.79,1500,600,400,3200,900,1200,28.76
598,790,BRALSOACNOR5BR00,ALSO3,1621874016554164,28.75,28.74,28.73,28.76,28.77,28.78,1500,600,600,100,3200,900,28.76
599,790,BRALSOACNOR5BR00,ALSO3,1621874016555327,28.75,28.74,28.73,28.76,28.77,28.78,1500,600,600,100,3100,900,28.76
600,790,BRALSOACNOR5BR00,ALSO3,1621874017160992,28.75,28.74,28.73,28.76,28.77,28.78,1600,600,600,100,3100,900,28.76
601,790,BRALSOACNOR5BR00,ALSO3,1621874017162295,28.75,28.74,28.73,28.77,28.78,28.79,1600,600,600,3200,900,1200,28.76
602,790,BRALSOACNOR5BR00,ALSO3,1621874017162869,28.75,28.74,28.73,28.76,28.77,28.78,1600,600,600,100,3200,900,28.76
603,790,BRALSOACNOR5BR00,ALSO3,1621874017163969,28.75,28.74,28.73,28.76,28.77,28.78,1600,600,600,100,3100,900,28.76
604,790,BRALSOACNOR5BR00,ALSO3,1621874017164508,28.75,28.74,28.73,28.76,28.77,28.78,1600,600,600,100,3100,900,28.76
605,790,BRALSOACNOR5BR00,ALSO3,1621874017165688,28.75,28.74,28.73,28.77,28.78,28.79,1600,600,600,3200,900,1000,28.76
606,790,BRALSOACNOR5BR00,ALSO3,1621874019184786,28.75,28.74,28.73,28.76,28.77,28.78,1500,600,600,100,2900,1200,28.75
607,790,BRALSOACNOR5BR00,ALSO3,1621874019186127,28.75,28.74,28.73,28.76,28.77,28.78,1500,600,400,200,2800,1200,28.75
608,790,BRALSOACNOR5BR00,ALSO3,1621874029356213,28.74,28.73,28.72,28.75,28.76,28.77,200,700,1300,100,2800,1900,28.75
609,790,BRALSOACNOR5BR00,ALSO3,1621874029357406,28.74,28.73,28.72,28.75,28.76,28.77,200,700,1300,200,2700,1900,28.75
610,790,BRALSOACNOR5BR00,ALSO3,1621874030774734,28.74,28.73,28.72,28.76,28.77,28.78,200,600,1500,3000,1100,700,28.75
611,790,BRALSOACNOR5BR00,ALSO3,1621874030774912,28.74,28.73,28.72,28.76,28.77,28.78,200,600,1500,3000,1100,700,28.75
612,790,BRALSOACNOR5BR00,ALSO3,1621874030775076,28.74,28.73,28.72,28.76,28.77,28.78,300,600,1500,3000,1100,700,28.75
613,790,BRALSOACNOR5BR00,ALSO3,1621874030780601,28.75,28.74,28.73,28.76,28.77,28.78,200,400,500,3100,900,700,28.75
614,790,BRALSOACNOR5BR00,ALSO3,1621874049219002,28.74,28.73,28.72,28.75,28.76,28.77,800,500,1300,3700,2200,1600,28.75
615,790,BRALSOACNOR5BR00,ALSO3,1621874049220308,28.74,28.73,28.72,28.75,28.76,28.77,700,400,1200,3800,2300,1800,28.75
616,790,BRALSOACNOR5BR00,ALSO3,1621874049798877,28.73,28.72,28.71,28.75,28.76,28.77,700,1200,600,3800,2600,1500,28.74
617,790,BRALSOACNOR5BR00,ALSO3,1621874049800344,28.73,28.72,28.71,28.74,28.75,28.76,700,1200,600,100,3800,2600,28.74
618,790,BRALSOACNOR5BR00,ALSO3,1621874053343861,28.72,28.71,28.7,28.74,28.75,28.76,1200,600,700,1000,5000,2000,28.74
619,790,BRALSOACNOR5BR00,ALSO3,1621874053345096,28.72,28.71,28.7,28.73,28.74,28.75,1200,600,500,100,900,5000,28.74
620,790,BRALSOACNOR5BR00,ALSO3,1621874072693056,28.71,28.7,28.69,28.72,28.73,28.74,600,400,300,3400,2200,1400,28.72
621,790,BRALSOACNOR5BR00,ALSO3,1621874072694469,28.71,28.7,28.69,28.72,28.73,28.74,500,400,200,3500,2100,1400,28.72
622,790,BRALSOACNOR5BR00,ALSO3,1621874072709972,28.7,28.69,28.68,28.72,28.73,28.74,700,200,1800,3500,2400,1300,28.72
623,790,BRALSOACNOR5BR00,ALSO3,1621874072711148,28.7,28.69,28.68,28.71,28.72,28.73,700,200,300,100,3400,2400,28.72
624,790,BRALSOACNOR5BR00,ALSO3,1621874079183144,28.69,28.68,28.67,28.71,28.72,28.73,600,400,600,4400,1400,2000,28.72
625,790,BRALSOACNOR5BR00,ALSO3,1621874079184515,28.69,28.68,28.67,28.7,28.71,28.72,800,400,400,100,4300,1400,28.72
626,790,BRALSOACNOR5BR00,ALSO3,1621874079185401,28.7,28.69,28.68,28.71,28.72,28.73,100,800,400,4300,1400,2000,28.7
627,790,BRALSOACNOR5BR00,ALSO3,1621874079185551,28.7,28.69,28.68,28.71,28.72,28.73,200,800,400,4300,1400,2000,28.7
628,790,BRALSOACNOR5BR00,ALSO3,1621874079185989,28.7,28.69,28.68,28.71,28.72,28.73,200,800,400,4300,1200,2000,28.7
629,790,BRALSOACNOR5BR00,ALSO3,1621874079187193,28.7,28.69,28.68,28.71,28.72,28.73,300,800,400,4400,1200,2000,28.7
630,790,BRALSOACNOR5BR00,ALSO3,1621874079199116,28.69,28.68,28.67,28.71,28.72,28.73,800,400,600,4400,1200,2000,28.7
631,790,BRALSOACNOR5BR00,ALSO3,1621874079200392,28.69,28.68,28.67,28.7,28.71,28.72,800,400,600,100,4300,1400,28.7
632,790,BRALSOACNOR5BR00,ALSO3,1621874079201386,28.69,28.68,28.67,28.71,28.72,28.73,800,400,600,4300,1400,2000,28.7
633,790,BRALSOACNOR5BR00,ALSO3,1621874079202016,28.69,28.68,28.67,28.71,28.72,28.73,800,400,600,4300,1200,2000,28.7
634,790,BRALSOACNOR5BR00,ALSO3,1621874079203148,28.69,28.68,28.67,28.7,28.71,28.72,800,400,600,100,4300,1200,28.7
635,790,BRALSOACNOR5BR00,ALSO3,1621874079203948,28.7,28.69,28.68,28.71,28.72,28.73,100,800,400,4300,1200,2000,28.7
636,790,BRALSOACNOR5BR00,ALSO3,1621874079204147,28.7,28.69,28.68,28.71,28.72,28.73,100,800,400,4300,1400,2000,28.7
637,790,BRALSOACNOR5BR00,ALSO3,1621874079204411,28.7,28.69,28.68,28.71,28.72,28.73,200,800,400,4300,1400,2000,28.7
638,790,BRALSOACNOR5BR00,ALSO3,1621874079205634,28.69,28.68,28.67,28.71,28.72,28.73,700,400,600,4400,1200,2000,28.7
639,790,BRALSOACNOR5BR00,ALSO3,1621874079305311,28.69,28.68,28.67,28.71,28.72,28.73,700,400,600,4400,1400,2000,28.7
640,790,BRALSOACNOR5BR00,ALSO3,1621874079306587,28.69,28.68,28.67,28.7,28.71,28.72,700,400,600,100,4300,1400,28.7
641,790,BRALSOACNOR5BR00,ALSO3,1621874079307466,28.7,28.69,28.68,28.71,28.72,28.73,100,400,700,4300,1400,2000,28.7
642,790,BRALSOACNOR5BR00,ALSO3,1621874079307583,28.7,28.69,28.68,28.71,28.72,28.73,100,400,700,4300,1400,2000,28.7
643,790,BRALSOACNOR5BR00,ALSO3,1621874079308054,28.7,28.69,28.68,28.71,28.72,28.73,100,400,700,4300,1200,2000,28.7
644,790,BRALSOACNOR5BR00,ALSO3,1621874079309273,28.7,28.69,28.68,28.71,28.72,28.73,100,600,700,4400,1200,2000,28.7
645,790,BRALSOACNOR5BR00,ALSO3,1621874080701058,28.7,28.69,28.68,28.72,28.73,28.74,300,800,400,1200,1800,800,28.71
646,790,BRALSOACNOR5BR00,ALSO3,1621874080701781,28.7,28.69,28.68,28.72,28.73,28.74,300,800,400,700,1800,800,28.71
647,790,BRALSOACNOR5BR00,ALSO3,1621874080703366,28.71,28.7,28.69,28.72,28.73,28.74,100,700,1000,700,1100,800,28.71
648,790,BRALSOACNOR5BR00,ALSO3,1621874080703588,28.71,28.7,28.69,28.72,28.73,28.74,100,700,1000,700,1100,800,28.71
649,790,BRALSOACNOR5BR00,ALSO3,1621874080712013,28.71,28.7,28.69,28.72,28.73,28.74,100,600,1000,700,1100,800,28.71
650,790,BRALSOACNOR5BR00,ALSO3,1621874080713242,28.71,28.7,28.69,28.72,28.73,28.74,100,600,1000,800,1100,800,28.71
651,790,BRALSOACNOR5BR00,ALSO3,1621874091598578,28.7,28.69,28.68,28.73,28.74,28.75,1200,500,600,700,800,1100,28.72
652,790,BRALSOACNOR5BR00,ALSO3,1621874091598795,28.7,28.69,28.68,28.73,28.74,28.75,1200,500,600,700,800,1100,28.72
653,790,BRALSOACNOR5BR00,ALSO3,1621874091599344,28.7,28.69,28.68,28.73,28.74,28.75,1200,500,600,200,800,1100,28.72
654,790,BRALSOACNOR5BR00,ALSO3,1621874091600516,28.71,28.7,28.69,28.73,28.74,28.75,100,1200,500,100,300,1000,28.73
655,790,BRALSOACNOR5BR00,ALSO3,1621874091600696,28.71,28.7,28.69,28.73,28.74,28.75,200,1200,500,100,300,1000,28.73
656,790,BRALSOACNOR5BR00,ALSO3,1621874091601926,28.71,28.7,28.69,28.74,28.75,28.76,500,1200,500,400,800,300,28.73
657,790,BRALSOACNOR5BR00,ALSO3,1621874140544898,28.72,28.71,28.7,28.74,28.75,28.76,100,400,1400,200,1000,1100,28.74
658,790,BRALSOACNOR5BR00,ALSO3,1621874140545418,28.72,28.71,28.7,28.74,28.75,28.76,100,400,1400,100,1000,1100,28.74
659,790,BRALSOACNOR5BR00,ALSO3,1621874140546658,28.72,28.71,28.7,28.74,28.75,28.76,400,400,1400,200,800,900,28.74
660,790,BRALSOACNOR5BR00,ALSO3,1621874188413861,28.69,28.68,28.67,28.74,28.75,28.76,2000,700,400,1200,1000,1100,28.74
661,790,BRALSOACNOR5BR00,ALSO3,1621874188417939,28.69,28.68,28.67,28.74,28.75,28.76,2000,500,400,1200,1000,1100,28.74
662,790,BRALSOACNOR5BR00,ALSO3,1621874188421422,28.69,28.68,28.67,28.73,28.74,28.75,2000,500,400,200,1100,1000,28.74
663,790,BRALSOACNOR5BR00,ALSO3,1621874188425213,28.69,28.68,28.67,28.72,28.73,28.74,2000,500,400,100,500,1400,28.74
664,790,BRALSOACNOR5BR00,ALSO3,1621874188427791,28.69,28.68,28.67,28.72,28.73,28.74,2000,300,400,200,500,1400,28.74
665,790,BRALSOACNOR5BR00,ALSO3,1621874188429011,28.69,28.68,28.67,28.71,28.72,28.73,1900,300,600,100,300,600,28.74
666,790,BRALSOACNOR5BR00,ALSO3,1621874190984679,28.69,28.68,28.67,28.72,28.73,28.74,2100,500,600,400,1100,1300,28.71
667,790,BRALSOACNOR5BR00,ALSO3,1621874192188312,28.69,28.68,28.67,28.72,28.73,28.74,2100,500,600,300,1100,1300,28.71
668,790,BRALSOACNOR5BR00,ALSO3,1621874192189572,28.69,28.68,28.67,28.71,28.72,28.73,2100,500,600,100,300,1000,28.71
669,790,BRALSOACNOR5BR00,ALSO3,1621874198900745,28.69,28.68,28.67,28.72,28.73,28.74,2200,500,600,300,2000,1300,28.71
670,790,BRALSOACNOR5BR00,ALSO3,1621874199541754,28.71,28.69,28.68,28.72,28.73,28.74,200,2200,500,300,2000,1300,28.71
671,790,BRALSOACNOR5BR00,ALSO3,1621874199543112,28.71,28.69,28.68,28.72,28.73,28.74,200,2100,500,300,2100,1100,28.71
672,790,BRALSOACNOR5BR00,ALSO3,1621874242737435,28.7,28.69,28.68,28.73,28.74,28.75,2600,1900,400,1500,1000,1000,28.71
673,790,BRALSOACNOR5BR00,ALSO3,1621874242738553,28.7,28.69,28.68,28.73,28.74,28.75,2600,1900,400,1400,1000,1000,28.71
674,790,BRALSOACNOR5BR00,ALSO3,1621874616172381,28.72,28.71,28.7,28.75,28.76,28.77,700,1900,3400,500,1400,800,28.73
675,790,BRALSOACNOR5BR00,ALSO3,1621874616173610,28.72,28.71,28.7,28.74,28.75,28.76,700,1900,3400,100,500,1400,28.73
676,790,BRALSOACNOR5BR00,ALSO3,1621874631334709,28.72,28.71,28.7,28.74,28.75,28.76,800,2100,3100,500,1500,500,28.73
677,790,BRALSOACNOR5BR00,ALSO3,1621874631335951,28.72,28.71,28.7,28.73,28.74,28.75,800,2100,3100,100,400,1500,28.73
678,790,BRALSOACNOR5BR00,ALSO3,1621874644066382,28.72,28.71,28.7,28.73,28.74,28.75,900,2200,3000,800,300,700,28.73
679,790,BRALSOACNOR5BR00,ALSO3,1621874644066818,28.72,28.71,28.7,28.73,28.74,28.75,900,2200,3000,800,200,700,28.73
680,790,BRALSOACNOR5BR00,ALSO3,1621874644068058,28.72,28.71,28.7,28.73,28.74,28.75,900,2200,3000,900,200,700,28.73
681,790,BRALSOACNOR5BR00,ALSO3,1621874650572913,28.72,28.71,28.7,28.74,28.75,28.76,900,2200,3000,100,400,500,28.73
682,790,BRALSOACNOR5BR00,ALSO3,1621874650573102,28.72,28.71,28.7,28.74,28.75,28.76,900,2200,3000,100,400,500,28.73
683,790,BRALSOACNOR5BR00,ALSO3,1621874650576392,28.72,28.71,28.7,28.74,28.75,28.76,900,2200,3000,100,400,500,28.73
684,790,BRALSOACNOR5BR00,ALSO3,1621874650577463,28.72,28.71,28.7,28.74,28.75,28.76,900,2200,3000,200,400,500,28.73
685,790,BRALSOACNOR5BR00,ALSO3,1621874660791709,28.73,28.72,28.71,28.75,28.76,28.77,800,700,2100,1300,500,600,28.74
686,790,BRALSOACNOR5BR00,ALSO3,1621874660796134,28.73,28.72,28.71,28.75,28.76,28.77,700,700,2100,1300,500,600,28.74
687,790,BRALSOACNOR5BR00,ALSO3,1621874660797297,28.73,28.72,28.71,28.74,28.75,28.76,700,700,2100,100,1300,500,28.74
688,790,BRALSOACNOR5BR00,ALSO3,1621874661297713,28.73,28.72,28.71,28.75,28.76,28.77,800,600,2100,1600,500,600,28.74
689,790,BRALSOACNOR5BR00,ALSO3,1621874661298259,28.73,28.72,28.71,28.75,28.76,28.77,800,600,2100,1300,500,600,28.74
690,790,BRALSOACNOR5BR00,ALSO3,1621874661299459,28.73,28.72,28.71,28.74,28.75,28.76,800,600,2100,100,1300,500,28.74
691,790,BRALSOACNOR5BR00,ALSO3,1621874665221747,28.72,28.71,28.7,28.74,28.75,28.76,300,2100,3000,400,1600,500,28.73
692,790,BRALSOACNOR5BR00,ALSO3,1621874665223070,28.72,28.71,28.7,28.73,28.74,28.75,300,1900,3000,200,400,1600,28.73
693,790,BRALSOACNOR5BR00,ALSO3,1621874667445231,28.72,28.71,28.7,28.74,28.75,28.76,400,1800,3000,300,1500,1500,28.73
694,790,BRALSOACNOR5BR00,ALSO3,1621874667445467,28.72,28.71,28.7,28.74,28.75,28.76,400,1800,3000,300,1500,1500,28.73
695,790,BRALSOACNOR5BR00,ALSO3,1621874667445867,28.72,28.71,28.7,28.74,28.75,28.76,400,1800,3000,300,1500,1300,28.73
696,790,BRALSOACNOR5BR00,ALSO3,1621874667447107,28.72,28.71,28.7,28.74,28.75,28.76,500,1800,3000,400,1500,1300,28.73
697,790,BRALSOACNOR5BR00,ALSO3,1621874670536156,28.72,28.71,28.7,28.74,28.75,28.76,300,1800,3000,400,1600,1300,28.73
698,790,BRALSOACNOR5BR00,ALSO3,1621874670537500,28.72,28.71,28.7,28.73,28.74,28.75,300,1800,3000,100,300,1600,28.73
699,790,BRALSOACNOR5BR00,ALSO3,1621874673177177,28.72,28.71,28.7,28.73,28.74,28.75,400,1800,3000,100,300,1500,28.73
700,790,BRALSOACNOR5BR00,ALSO3,1621874673178459,28.72,28.71,28.7,28.74,28.75,28.76,400,1800,3000,400,1500,1300,28.73
701,790,BRALSOACNOR5BR00,ALSO3,1621874673179285,28.72,28.71,28.7,28.74,28.75,28.76,400,1800,3000,500,1500,1300,28.73
702,790,BRALSOACNOR5BR00,ALSO3,1621874673182365,28.72,28.71,28.7,28.73,28.74,28.75,400,1800,3000,100,400,1500,28.73
703,790,BRALSOACNOR5BR00,ALSO3,1621874673193021,28.72,28.71,28.7,28.73,28.74,28.75,400,1800,3000,100,300,1500,28.73
704,790,BRALSOACNOR5BR00,ALSO3,1621874673194210,28.72,28.71,28.7,28.74,28.75,28.76,400,1800,3000,1200,700,1300,28.73
705,790,BRALSOACNOR5BR00,ALSO3,1621874673194612,28.72,28.71,28.7,28.74,28.75,28.76,300,1800,3000,1200,700,1300,28.73
706,790,BRALSOACNOR5BR00,ALSO3,1621874673195901,28.72,28.71,28.7,28.73,28.74,28.75,300,1800,3000,100,1100,700,28.73
707,790,BRALSOACNOR5BR00,ALSO3,1621874674596076,28.72,28.71,28.7,28.74,28.75,28.76,400,1800,3000,1100,700,1300,28.73
708,790,BRALSOACNOR5BR00,ALSO3,1621874674670630,28.72,28.71,28.7,28.74,28.75,28.76,400,1800,3000,1200,700,1300,28.73
709,790,BRALSOACNOR5BR00,ALSO3,1621874674671863,28.72,28.71,28.7,28.73,28.74,28.75,400,1800,3000,100,1200,700,28.73
710,790,BRALSOACNOR5BR00,ALSO3,1621874688198910,28.72,28.71,28.7,28.74,28.75,28.76,600,1800,3000,1100,400,500,28.73
711,790,BRALSOACNOR5BR00,ALSO3,1621874688202103,28.72,28.71,28.7,28.74,28.75,28.76,600,1800,3000,1100,400,500,28.73
712,790,BRALSOACNOR5BR00,ALSO3,1621874688203326,28.72,28.71,28.7,28.73,28.74,28.75,600,1800,3000,100,1100,400,28.73
713,790,BRALSOACNOR5BR00,ALSO3,1621874688899098,28.72,28.71,28.7,28.74,28.75,28.76,600,1800,3000,1100,400,500,28.73
714,790,BRALSOACNOR5BR00,ALSO3,1621874688900143,28.72,28.71,28.7,28.74,28.75,28.76,600,1800,3000,1000,400,500,28.73
715,790,BRALSOACNOR5BR00,ALSO3,1621874688901475,28.72,28.71,28.7,28.73,28.74,28.75,600,1800,3000,100,1000,400,28.73
716,790,BRALSOACNOR5BR00,ALSO3,1621874688902516,28.72,28.71,28.7,28.74,28.75,28.76,600,1800,3000,1000,400,500,28.73
717,790,BRALSOACNOR5BR00,ALSO3,1621874688902849,28.72,28.71,28.7,28.74,28.75,28.76,600,1800,3000,1000,400,500,28.73
718,790,BRALSOACNOR5BR00,ALSO3,1621874688904066,28.72,28.71,28.7,28.73,28.74,28.75,600,1800,3000,100,1000,400,28.73
719,790,BRALSOACNOR5BR00,ALSO3,1621874688904940,28.72,28.71,28.7,28.74,28.75,28.76,600,1800,3000,1000,400,500,28.73
720,790,BRALSOACNOR5BR00,ALSO3,1621874688905023,28.72,28.71,28.7,28.74,28.75,28.76,600,1800,3000,1000,400,500,28.73
721,790,BRALSOACNOR5BR00,ALSO3,1621874688906193,28.72,28.71,28.7,28.73,28.74,28.75,600,1800,3000,100,1000,400,28.73
722,790,BRALSOACNOR5BR00,ALSO3,1621874691237085,28.73,28.72,28.71,28.74,28.75,28.76,100,600,1800,1000,400,200,28.73
723,790,BRALSOACNOR5BR00,ALSO3,1621874691237268,28.73,28.72,28.71,28.74,28.75,28.76,100,600,1800,1000,400,200,28.73
724,790,BRALSOACNOR5BR00,ALSO3,1621874691238195,28.73,28.72,28.71,28.74,28.75,28.76,200,600,1800,1000,400,200,28.73
725,790,BRALSOACNOR5BR00,ALSO3,1621874691239419,28.73,28.72,28.71,28.74,28.75,28.76,200,800,2000,1100,400,200,28.73
726,790,BRALSOACNOR5BR00,ALSO3,1621874700249865,28.72,28.71,28.7,28.74,28.75,28.76,600,1800,3200,1000,800,500,28.73
727,790,BRALSOACNOR5BR00,ALSO3,1621874700251171,28.72,28.71,28.7,28.73,28.74,28.75,500,1800,3200,100,900,800,28.73
728,790,BRALSOACNOR5BR00,ALSO3,1621874702676431,28.72,28.71,28.7,28.74,28.75,28.76,600,1800,3200,900,400,500,28.73
729,790,BRALSOACNOR5BR00,ALSO3,1621874702676873,28.72,28.71,28.7,28.74,28.75,28.76,600,1800,3200,900,400,200,28.73
730,790,BRALSOACNOR5BR00,ALSO3,1621874702678107,28.72,28.71,28.7,28.73,28.74,28.75,700,1800,3200,100,900,400,28.73
731,790,BRALSOACNOR5BR00,ALSO3,1621874711995438,28.72,28.71,28.7,28.74,28.75,28.76,600,1900,3000,900,400,200,28.73
732,790,BRALSOACNOR5BR00,ALSO3,1621874711998015,28.72,28.71,28.7,28.74,28.75,28.76,600,1900,3000,900,400,200,28.73
733,790,BRALSOACNOR5BR00,ALSO3,1621874711999243,28.72,28.71,28.7,28.73,28.74,28.75,600,1900,3000,100,900,400,28.73
734,790,BRALSOACNOR5BR00,ALSO3,1621874723474025,28.72,28.71,28.7,28.74,28.75,28.76,600,1900,2900,900,700,500,28.73
735,790,BRALSOACNOR5BR00,ALSO3,1621874723474526,28.72,28.71,28.7,28.74,28.75,28.76,600,1900,2900,900,400,500,28.73
736,790,BRALSOACNOR5BR00,ALSO3,1621874723475769,28.72,28.71,28.7,28.73,28.74,28.75,600,1900,2900,200,900,400,28.73
737,790,BRALSOACNOR5BR00,ALSO3,1621874732762784,28.72,28.71,28.7,28.74,28.75,28.76,700,2000,2900,900,700,1200,28.73
738,790,BRALSOACNOR5BR00,ALSO3,1621874732776467,28.72,28.71,28.7,28.73,28.74,28.75,700,2000,2900,100,900,700,28.73
739,790,BRALSOACNOR5BR00,ALSO3,1621874732777651,28.72,28.71,28.7,28.73,28.74,28.75,700,2000,2900,200,900,700,28.73
740,790,BRALSOACNOR5BR00,ALSO3,1621874749943786,28.72,28.71,28.7,28.73,28.74,28.75,800,2000,3000,300,1200,700,28.73
741,790,BRALSOACNOR5BR00,ALSO3,1621874749944817,28.72,28.71,28.7,28.73,28.74,28.75,800,2000,3000,200,1200,700,28.73
742,1029,BRALUPCDAM15BR00,ALUP11,1621873828830003,27.63,27.62,27.61,27.65,27.66,27.67,300,700,600,1500,1100,800,27.64
743,1029,BRALUPCDAM15BR00,ALUP11,1621873828831151,27.63,27.62,27.61,27.65,27.66,27.67,400,700,600,1500,1100,800,27.64
744,1029,BRALUPCDAM15BR00,ALUP11,1621873830763279,27.64,27.63,27.62,27.65,27.66,27.67,200,200,700,1500,1200,700,27.64
745,1029,BRALUPCDAM15BR00,ALUP11,1621873830764880,27.63,27.62,27.61,27.64,27.65,27.66,100,700,600,100,1400,1200,27.64
746,1029,BRALUPCDAM15BR00,ALUP11,1621873830765029,27.63,27.62,27.61,27.64,27.65,27.66,100,700,600,100,1400,1200,27.64
747,1029,BRALUPCDAM15BR00,ALUP11,1621873830887826,27.63,27.62,27.61,27.65,27.66,27.67,100,700,600,1400,1200,700,27.64
748,1029,BRALUPCDAM15BR00,ALUP11,1621873830888949,27.63,27.62,27.61,27.65,27.66,27.67,200,700,600,1400,1200,700,27.64
749,1029,BRALUPCDAM15BR00,ALUP11,1621873833022967,27.62,27.61,27.6,27.64,27.65,27.66,700,600,500,200,1600,1200,27.63
750,1029,BRALUPCDAM15BR00,ALUP11,1621873833023209,27.62,27.61,27.6,27.64,27.65,27.66,700,600,500,200,1600,1200,27.63
751,1029,BRALUPCDAM15BR00,ALUP11,1621873833023674,27.62,27.61,27.6,27.64,27.65,27.66,700,500,500,200,1600,1200,27.63
752,1029,BRALUPCDAM15BR00,ALUP11,1621873833024940,27.62,27.61,27.6,27.64,27.65,27.66,500,500,600,400,1600,1300,27.63
753,1029,BRALUPCDAM15BR00,ALUP11,1621873837281002,27.63,27.62,27.61,27.64,27.65,27.66,200,500,500,400,1700,1300,27.62
754,1029,BRALUPCDAM15BR00,ALUP11,1621873837282323,27.63,27.62,27.61,27.64,27.65,27.66,300,400,500,300,1700,1300,27.62
755,1029,BRALUPCDAM15BR00,ALUP11,1621873838889888,27.64,27.63,27.62,27.65,27.66,27.67,200,100,700,1800,1100,800,27.62
756,1029,BRALUPCDAM15BR00,ALUP11,1621873838891849,27.64,27.62,27.61,27.65,27.66,27.67,100,400,600,1700,1100,800,27.64
757,1029,BRALUPCDAM15BR00,ALUP11,1621873838892003,27.64,27.62,27.61,27.65,27.66,27.67,100,300,600,1700,1100,800,27.64
758,1029,BRALUPCDAM15BR00,ALUP11,1621873838892360,27.62,27.61,27.6,27.64,27.65,27.66,200,600,500,200,1700,1100,27.64
759,1029,BRALUPCDAM15BR00,ALUP11,1621873838892811,27.62,27.61,27.6,27.64,27.65,27.66,200,500,500,200,1700,1100,27.64
760,1029,BRALUPCDAM15BR00,ALUP11,1621873838894135,27.62,27.61,27.6,27.64,27.65,27.66,500,500,600,700,1700,1100,27.64
761,1029,BRALUPCDAM15BR00,ALUP11,1621873840590402,27.63,27.62,27.61,27.64,27.65,27.66,100,1200,500,300,1700,1100,27.64
762,1029,BRALUPCDAM15BR00,ALUP11,1621873840591714,27.63,27.62,27.61,27.64,27.65,27.66,200,1100,500,200,1700,1100,27.64
763,1029,BRALUPCDAM15BR00,ALUP11,1621873845799850,27.62,27.61,27.6,27.65,27.66,27.67,1400,500,600,1800,1100,800,27.63
764,1029,BRALUPCDAM15BR00,ALUP11,1621873845800110,27.62,27.61,27.6,27.65,27.66,27.67,1400,500,600,1800,1100,800,27.63
765,1100,BRANIMACNOR6BR00,ANIM3,1621873830498815,12.11,12.1,12.09,12.12,12.13,12.14,700,2200,4100,3300,8100,4700,12.11
766,1100,BRANIMACNOR6BR00,ANIM3,1621873830500139,12.11,12.1,12.09,12.12,12.13,12.14,600,2200,4100,3300,8100,4700,12.11
767,1100,BRANIMACNOR6BR00,ANIM3,1621873830500375,12.1,12.09,12.08,12.12,12.13,12.14,2200,4100,2800,3300,8100,4700,12.11
768,1100,BRANIMACNOR6BR00,ANIM3,1621873830500616,12.1,12.09,12.08,12.12,12.13,12.14,2200,4100,2800,3300,8100,4700,12.11
769,1100,BRANIMACNOR6BR00,ANIM3,1621873830500660,12.1,12.09,12.08,12.12,12.13,12.14,2200,4100,2800,2900,8100,4700,12.11
770,1100,BRANIMACNOR6BR00,ANIM3,1621873830501983,12.1,12.09,12.08,12.11,12.12,12.13,1600,2000,2500,1300,3500,7500,12.11
771,1100,BRANIMACNOR6BR00,ANIM3,1621873877173016,12.11,12.1,12.09,12.12,12.13,12.14,100,3600,2800,3900,9600,3000,12.11
772,1100,BRANIMACNOR6BR00,ANIM3,1621873877174415,12.11,12.1,12.09,12.12,12.13,12.14,1100,3500,3200,2900,7100,4700,12.11
773,1100,BRANIMACNOR6BR00,ANIM3,1621873939785008,12.12,12.11,12.1,12.13,12.14,12.15,100,2500,4000,8000,4300,8200,12.12
774,1100,BRANIMACNOR6BR00,ANIM3,1621873939786407,12.12,12.11,12.1,12.13,12.14,12.15,1100,2900,4400,7200,4300,8200,12.12
775,1100,BRANIMACNOR6BR00,ANIM3,1621873951691612,12.12,12.11,12.1,12.13,12.14,12.15,900,3000,3300,6900,3100,8400,12.12
776,1100,BRANIMACNOR6BR00,ANIM3,1621873951692025,12.12,12.11,12.1,12.13,12.14,12.15,800,3000,3300,6900,3100,8400,12.12
777,1100,BRANIMACNOR6BR00,ANIM3,1621873951693251,12.12,12.11,12.1,12.13,12.14,12.15,900,2400,3300,7000,3100,8400,12.12
778,1100,BRANIMACNOR6BR00,ANIM3,1621874046495302,12.12,12.11,12.1,12.13,12.14,12.15,400,3400,4700,7500,3100,8400,12.12
779,1100,BRANIMACNOR6BR00,ANIM3,1621874046495481,12.12,12.11,12.1,12.13,12.14,12.15,400,3400,4700,7500,3100,8400,12.1
780,1100,BRANIMACNOR6BR00,ANIM3,1621874046497085,12.09,12.08,12.07,12.12,12.13,12.14,1900,4700,1300,1200,8500,2500,12.12
781,1100,BRANIMACNOR6BR00,ANIM3,1621874046497124,12.09,12.08,12.07,12.12,12.13,12.14,1900,4700,1300,1300,8500,2500,12.12
782,1100,BRANIMACNOR6BR00,ANIM3,1621874046497250,12.09,12.08,12.07,12.12,12.13,12.14,4000,4400,1300,1300,8500,2500,12.12
783,1100,BRANIMACNOR6BR00,ANIM3,1621874046497595,12.09,12.08,12.07,12.12,12.13,12.14,4000,4400,1300,1700,8500,2500,12.12
784,1100,BRANIMACNOR6BR00,ANIM3,1621874046498955,12.1,12.09,12.08,12.11,12.12,12.13,100,4600,4600,300,1900,8200,12.11
785,1100,BRANIMACNOR6BR00,ANIM3,1621874046499013,12.1,12.09,12.08,12.11,12.12,12.13,100,5200,4000,300,1900,8200,12.11
786,1100,BRANIMACNOR6BR00,ANIM3,1621874046500696,12.1,12.09,12.08,12.11,12.12,12.13,800,5100,3600,400,2000,8100,12.11
787,1100,BRANIMACNOR6BR00,ANIM3,1621874050120927,12.1,12.09,12.08,12.11,12.12,12.13,3300,2600,3800,800,2000,8500,12.11
788,1100,BRANIMACNOR6BR00,ANIM3,1621874050121165,12.1,12.09,12.08,12.11,12.12,12.13,3300,2600,3800,800,2000,8500,12.08
789,1100,BRANIMACNOR6BR00,ANIM3,1621874050123161,12.09,12.08,12.07,12.11,12.12,12.13,800,1900,600,2000,2600,7900,12.1
790,1100,BRANIMACNOR6BR00,ANIM3,1621874050123247,12.09,12.08,12.07,12.1,12.11,12.12,800,1900,600,100,2000,2600,12.1
791,1100,BRANIMACNOR6BR00,ANIM3,1621874050123437,12.09,12.08,12.07,12.1,12.11,12.12,800,1900,600,100,2100,2600,12.1
792,1100,BRANIMACNOR6BR00,ANIM3,1621874050123465,12.09,12.08,12.07,12.1,12.11,12.12,800,1900,600,200,2100,2600,12.1
793,1100,BRANIMACNOR6BR00,ANIM3,1621874050125216,12.09,12.08,12.07,12.1,12.11,12.12,1200,2000,1000,600,3000,1700,12.1
794,1100,BRANIMACNOR6BR00,ANIM3,1621874052759744,12.09,12.08,12.07,12.11,12.12,12.13,2100,2300,1000,2100,2400,7900,12.1
795,1100,BRANIMACNOR6BR00,ANIM3,1621874052759920,12.09,12.08,12.07,12.11,12.12,12.13,2100,2300,1000,2100,2400,7900,12.07
796,1100,BRANIMACNOR6BR00,ANIM3,1621874052761637,12.09,12.07,12.06,12.1,12.11,12.12,100,800,1700,1300,2500,1800,12.06
797,1100,BRANIMACNOR6BR00,ANIM3,1621874052761723,12.09,12.07,12.06,12.1,12.11,12.12,100,1200,1700,1300,2500,1800,12.06
798,1100,BRANIMACNOR6BR00,ANIM3,1621874052763065,12.07,12.06,12.05,12.1,12.11,12.12,1400,2100,1000,2000,3100,2200,12.06
799,1100,BRANIMACNOR6BR00,ANIM3,1621874059674369,12.08,12.07,12.06,12.09,12.1,12.11,100,3300,2700,1100,4100,2200,12.08
800,1100,BRANIMACNOR6BR00,ANIM3,1621874059675690,12.08,12.07,12.06,12.09,12.1,12.11,1400,3200,2700,1200,3700,2200,12.08
801,1100,BRANIMACNOR6BR00,ANIM3,1621874061889972,12.08,12.07,12.06,12.09,12.1,12.11,1500,3300,2100,400,2100,2800,12.08
802,1391,BRAZULACNPR4BR00,AZUL4,1621873829815281,40.27,40.26,40.25,40.29,40.3,40.31,500,1000,3800,4500,32000,3200,40.29
803,1391,BRAZULACNPR4BR00,AZUL4,1621873829816552,40.27,40.26,40.25,40.29,40.3,40.31,600,1000,3800,4500,32000,3200,40.29
804,1391,BRAZULACNPR4BR00,AZUL4,1621873885217066,40.26,40.25,40.24,40.27,40.28,40.29,1300,3600,2100,1000,3800,11000,40.27
805,1391,BRAZULACNPR4BR00,AZUL4,1621873885217124,40.26,40.25,40.24,40.27,40.28,40.29,1300,3600,2100,1000,3800,11000,40.27
806,1391,BRAZULACNPR4BR00,AZUL4,1621873885217756,40.26,40.25,40.24,40.27,40.28,40.29,1300,3000,2100,1000,3800,11000,40.27
807,1391,BRAZULACNPR4BR00,AZUL4,1621873885219072,40.26,40.25,40.24,40.27,40.28,40.29,1300,3000,2100,1000,3800,11700,40.27
808,1391,BRAZULACNPR4BR00,AZUL4,1621873918474209,40.26,40.25,40.24,40.27,40.28,40.29,100,2500,2000,300,4000,9400,40.28
809,1391,BRAZULACNPR4BR00,AZUL4,1621873918475509,40.25,40.24,40.23,40.27,40.28,40.29,2600,2000,1700,300,4000,9400,40.28
810,1391,BRAZULACNPR4BR00,AZUL4,1621873923050132,40.26,40.25,40.24,40.28,40.29,40.3,100,2400,1900,4900,9100,22300,40.27
811,1391,BRAZULACNPR4BR00,AZUL4,1621873923051364,40.26,40.25,40.24,40.28,40.29,40.3,200,2300,1900,4600,9100,22300,40.27
812,1391,BRAZULACNPR4BR00,AZUL4,1621873947245020,40.25,40.24,40.23,40.27,40.28,40.29,2500,2000,1700,8600,4500,8800,40.26
813,1391,BRAZULACNPR4BR00,AZUL4,1621873947245202,40.25,40.24,40.23,40.27,40.28,40.29,2500,2000,1700,8600,4500,8800,40.26
814,1391,BRAZULACNPR4BR00,AZUL4,1621873947245827,40.25,40.24,40.23,40.27,40.28,40.29,2300,2000,1700,8600,4500,8800,40.26
815,1391,BRAZULACNPR4BR00,AZUL4,1621873947247040,40.25,40.24,40.23,40.27,40.28,40.29,2100,1400,1700,8600,4500,8800,40.26
816,1391,BRAZULACNPR4BR00,AZUL4,1621873991064418,40.26,40.25,40.24,40.27,40.28,40.29,100,1500,1100,6900,4000,8800,40.26
817,1391,BRAZULACNPR4BR00,AZUL4,1621873991065690,40.26,40.25,40.24,40.27,40.28,40.29,200,1400,1100,6800,4000,8800,40.26
818,1391,BRAZULACNPR4BR00,AZUL4,1621873996647432,40.26,40.25,40.24,40.27,40.28,40.29,100,1500,1300,6600,4000,8800,40.26
819,1391,BRAZULACNPR4BR00,AZUL4,1621873996648760,40.25,40.24,40.23,40.27,40.28,40.29,1600,1100,2000,6600,4000,8800,40.26
820,1391,BRAZULACNPR4BR00,AZUL4,1621874011835012,40.26,40.25,40.24,40.27,40.28,40.29,100,1600,900,4500,4000,12100,40.27
821,1391,BRAZULACNPR4BR00,AZUL4,1621874011836406,40.26,40.25,40.24,40.27,40.28,40.29,100,1500,900,4000,4000,12100,40.26
822,1391,BRAZULACNPR4BR00,AZUL4,1621874011837272,40.25,40.24,40.23,40.27,40.28,40.29,1500,900,2000,4000,4000,12100,40.26
823,1391,BRAZULACNPR4BR00,AZUL4,1621874011837563,40.25,40.24,40.23,40.27,40.28,40.29,1500,900,2000,4100,4000,12100,40.26
824,1391,BRAZULACNPR4BR00,AZUL4,1621874012319443,40.25,40.24,40.23,40.27,40.28,40.29,1500,900,2000,4000,4000,12100,40.26
825,1391,BRAZULACNPR4BR00,AZUL4,1621874012320879,40.25,40.24,40.23,40.27,40.28,40.29,1600,900,2000,4000,4000,12100,40.26
826,1391,BRAZULACNPR4BR00,AZUL4,1621874042207524,40.24,40.23,40.22,40.25,40.26,40.27,900,2000,1500,3200,4700,8700,40.25
827,1391,BRAZULACNPR4BR00,AZUL4,1621874042207694,40.24,40.23,40.22,40.25,40.26,40.27,900,2000,1500,3200,4700,8700,40.25
828,1391,BRAZULACNPR4BR00,AZUL4,1621874042208293,40.24,40.23,40.22,40.25,40.26,40.27,900,2000,1400,3200,4700,8700,40.25
829,1391,BRAZULACNPR4BR00,AZUL4,1621874042209892,40.24,40.23,40.22,40.25,40.26,40.27,800,1200,1400,3200,4700,9400,40.25
830,1391,BRAZULACNPR4BR00,AZUL4,1621874091568017,40.24,40.23,40.22,40.26,40.27,40.28,800,1500,1000,5400,8600,4000,40.25
831,1391,BRAZULACNPR4BR00,AZUL4,1621874091569560,40.25,40.24,40.23,40.26,40.27,40.28,600,1500,1500,5400,8400,4000,40.25
832,1391,BRAZULACNPR4BR00,AZUL4,1621874100018805,40.25,40.24,40.23,40.26,40.27,40.28,300,1100,1900,5400,8400,4000,40.25
833,1391,BRAZULACNPR4BR00,AZUL4,1621874100020690,40.25,40.24,40.23,40.26,40.27,40.28,300,1100,1900,5400,8500,4000,40.25
834,1391,BRAZULACNPR4BR00,AZUL4,1621874100022954,40.25,40.24,40.23,40.26,40.27,40.28,400,1100,1900,5400,8500,4000,40.25
835,1391,BRAZULACNPR4BR00,AZUL4,1621874108556677,40.25,40.24,40.23,40.27,40.28,40.29,900,2000,2100,8400,3600,6400,40.26
836,1391,BRAZULACNPR4BR00,AZUL4,1621874108558186,40.26,40.25,40.24,40.27,40.28,40.29,1100,800,1500,8400,3600,6300,40.26
837,1391,BRAZULACNPR4BR00,AZUL4,1621874108659974,40.26,40.25,40.24,40.28,40.29,40.3,800,700,1500,3200,6400,19200,40.28
838,1391,BRAZULACNPR4BR00,AZUL4,1621874108662355,40.27,40.26,40.25,40.28,40.29,40.3,600,1300,1300,3200,6100,18600,40.28
839,1391,BRAZULACNPR4BR00,AZUL4,1621874108662639,40.27,40.26,40.25,40.29,40.3,40.31,600,1300,1300,4900,18600,3700,40.29
840,1391,BRAZULACNPR4BR00,AZUL4,1621874108663864,40.28,40.27,40.26,40.29,40.3,40.31,400,1100,1400,4900,18600,3200,40.29
841,1391,BRAZULACNPR4BR00,AZUL4,1621874109495626,40.28,40.27,40.26,40.3,40.31,40.32,800,1000,1700,18600,2800,16700,40.29
842,1391,BRAZULACNPR4BR00,AZUL4,1621874109497275,40.29,40.28,40.27,40.3,40.31,40.32,600,1700,1900,17500,2600,16200,40.3
843,1391,BRAZULACNPR4BR00,AZUL4,1621874112946552,40.29,40.28,40.27,40.31,40.32,40.33,600,2200,900,2400,15500,27600,40.3
844,1391,BRAZULACNPR4BR00,AZUL4,1621874112948474,40.3,40.29,40.28,40.31,40.32,40.33,1100,1300,2200,1900,15500,27600,40.3
845,1391,BRAZULACNPR4BR00,AZUL4,1621874129204624,40.3,40.29,40.28,40.31,40.32,40.33,400,1200,1900,2500,15500,27500,40.3
846,1391,BRAZULACNPR4BR00,AZUL4,1621874129205388,40.3,40.29,40.28,40.31,40.32,40.33,200,1200,1900,2500,15500,27500,40.3
847,1391,BRAZULACNPR4BR00,AZUL4,1621874129206653,40.3,40.29,40.28,40.31,40.32,40.33,300,1100,1900,2500,15700,27500,40.3
848,1391,BRAZULACNPR4BR00,AZUL4,1621874138760118,40.29,40.28,40.27,40.31,40.32,40.33,600,1800,1500,6200,15700,27500,40.3
849,1391,BRAZULACNPR4BR00,AZUL4,1621874138760900,40.29,40.28,40.27,40.31,40.32,40.33,600,1800,1500,6200,15700,27500,40.3
850,1391,BRAZULACNPR4BR00,AZUL4,1621874138762112,40.3,40.29,40.28,40.31,40.32,40.33,100,600,1800,6300,15700,27500,40.3
851,1391,BRAZULACNPR4BR00,AZUL4,1621874141742118,40.29,40.28,40.27,40.31,40.32,40.33,600,1700,1500,6200,15700,27500,40.3
852,1391,BRAZULACNPR4BR00,AZUL4,1621874141744549,40.29,40.28,40.27,40.31,40.32,40.33,600,1700,1500,6300,15700,27500,40.3
